3250 5130
581 355 884 414 ...29-

297 540 366 604 Iam
396 547 595 604 transeamus
625 539 668 603 ad
697 539 886 622 anaglypta.
933 538 1074 602 Primum
1103 537 1208 602 locum
1238 542 1347 602 teneat

211 643 320 727 puteal
347 643 428 707 illud
451 641 649 708 Corinthium
658 643 700 725 ³⁶),
726 640 813 724 quod
835 639 965 722 quidem
996 660 1060 705 non
1082 648 1133 704 sat
1155 646 1276 704 eertum
1298 645 1348 705 est

210 765 341 810 revera
362 751 429 809 tam
451 745 616 826 antiquum
638 763 711 811 esse
734 764 830 825 quam
852 745 955 828 primo
979 743 1090 808 obtutu
1112 743 1250 808 videtur.
1284 743 1347 808 Hie

211 848 440 914 caerimoniam
462 855 582 931 nuptae
603 847 845 931 prosequendae
861 846 973 911 eodem
989 845 1055 910 lere
1070 846 1164 910 modo
1180 845 1271 911 vides
1295 867 1348 911 re-

212 957 450 1035 praesentatam
466 971 528 1032 000
550 951 585 1014 10
600 970 679 1016 vase
694 950 900 1032 Atheniensi,
920 949 983 1014 nisi
999 949 1084 1032 quod
1106 948 1237 1030 femina,
1264 969 1347 1031 quae

211 1062 342 1139 nuptam
365 1060 541 1138 promovet,
566 1055 693 1118 laevam
715 1052 809 1117 modo
826 1053 961 1117 00110001
981 1053 1015 1115 10
1030 1051 1160 1117 brachio
1175 1052 1255 1133 eius,
1274 1073 1348 1117 oum
1395 1058 1398 1066 '

213 1157 326 1223 dextra
348 1157 519 1222 artificiose
534 1177 638 1238 neque
652 1157 854 1238 ineleganter
868 1155 1093 1236 vestimentum
1115 1155 1230 1240 1011010
1245 1155 1348 1238 figura

211 1267 320 1324 autem
342 1260 537 1325 antecedens
560 1265 758 1342 nuptamque
780 1257 960 1342 producens
983 1257 999 1321 f
1004 1259 1136 1322 emina
1166 1265 1231 1339 est,
1265 1279 1347 1340 quae

210 1361 319 1428 tamen
348 1362 461 1427 eodem
491 1363 586 1426 modo
608 1360 807 1445 ad'nuptam
829 1361 1011 1444 retrospicit
1044 1361 1088 1444 (si
1114 1360 1233 1425 formas
1256 1363 1347 1444 sequi

211 1465 287 1530 licet
315 1464 403 1549 apud
429 1464 663 1530 Ouerbeokium
693 1464 716 1526 l.
735 1483 761 1528 o.
789 1462 994 1547 delineatas).
1041 1462 1132 1539 Quae
1162 1463 1347 1546 producitur

212 1567 282 1634 sine
308 1568 405 1632 dubio
435 1567 597 1632 est'Hebe
628 1567 776 1648 duaeque
806 1567 945 1632 feminae
968 1565 1148 1650 Aphrodite
1176 1567 1211 1631 in
1234 1553 1371 1632 dextra

210 1675 314 1754 parte,
340 1669 375 1733 in
397 1669 527 1734 sinistra
548 1669 671 1734 Peitho.
1165 1663 1168 1674 ’

296 1773 460 1838 Nonnulla
474 1772 656 1856 fragmenta
671 1791 711 1836 ex
726 1779 812 1837 terra
828 1778 933 1855 00010,
953 1792 1036 1856 0000
1047 1779 1189 1854 vocatur,
1208 1772 1345 1838 similem

211 1877 382 1942 ostendunt
396 1883 516 1961 nuptae
532 1875 698 1941 ducendae
710 1877 805 1940 ritum
812 1877 872 1958 **).
892 1876 1045 1959 Singulas
1057 1876 1207 1958 imaginis
1223 1884 1343 1960 partes

211 1999 290 2062 quas
298 1980 466 2063 Campana
477 1980 663 2064 composuit,
675 1999 746 2044 oum
755 1978 996 2064 stephaniam)
1009 1979 1044 2043 in
1053 1981 1346 2064 suspicionemnon

212 2083 404 2166 vocaverim,
424 2083 572 2164 quoniam
589 2081 737 2147 Rohdeni
758 2081 914 2147 beneficio
929 2082 1059 2148 edoctus
1075 2083 1257 2164 frequentia
1278 2083 1345 2147 seio

210 2185 245 2249 in
260 2185 358 2251 variis
376 2185 496 2250 museis
519 2185 770 2266 uniuscuiusque
791 2185 893 2268 partis
914 2185 1052 2250 inveniri
1074 2185 1266 2267 fragmenta,
1292 2206 1346 2250 ra-

210 2288 296 2354 riora
317 2289 413 2354 huius
437 2287 638 2354 deductionis
655 2288 821 2374 nuptialis.
847 2289 896 2353 De
913 2309 976 2371 qua
990 2308 1095 2373 pauca
1110 2309 1193 2353 nuno
1213 2289 1342 2354 addam.

210 2391 317 2457 Etiam
340 2392 392 2456 hio
414 2413 498 2456 nova
519 2399 634 2475 nupta,
661 2393 762 2456 multo
786 2392 890 2474 magis
912 2392 1022 2457 velata
1050 2412 1145 2474 quam
1176 2410 1274 2476 supra
1295 2393 1346 2456 vi-

210 2495 331 2580 dimus,
356 2501 560 2580 promovetur
583 2517 603 2560 a
627 2495 762 2577 femina,
788 2515 871 2577 quae
894 2515 1024 2560 manum
1046 2496 1159 2560 eodem
1189 2495 1282 2560 modo
1312 2497 1346 2560 in

211 2617 320 2663 umero
343 2599 441 2682 ponit,
462 2598 520 2663 sed
536 2605 632 2682 eaput
654 2595 804 2684 στεφάνῃ
828 2605 973 2662 ornatum
989 2619 1009 2662 a
1024 2605 1125 2682 nupta
1139 2599 1181 2662 ad
1196 2619 1347 2683 pompam

211 2701 304 2766 vertit
329 2709 516 2783 sequentem
543 2703 701 2784 (quattuor
722 2703 826 2766 Horas
849 2707 882 2766 et
902 2703 1074 2767 Herculem
1103 2703 1273 2767 iuvencum
1303 2703 1347 2767 ad

211 2805 401 2869 sacrificium
424 2804 603 2890 ferentem).
636 2805 705 2869 Iam
728 2805 813 2869 enim
836 2805 880 2870 ad
902 2805 1050 2871 maritum
1065 2812 1196 2870 ventum
1212 2813 1271 2888 est,
1291 2807 1347 2888 qui

211 2906 323 2971 dextra
338 2908 479 2992 capessit
494 2908 640 2972 dextram
655 2909 794 2991 puellae.
813 2907 913 2974 Vides
928 2908 1027 2991 igitur
1042 2908 1186 2974 hocloco
1208 2909 1346 2993 primum

210 3008 394 3075 dextrarum
416 3011 506 3075 illam
528 3011 722 3076 iunctionem
744 3011 832 3096 apud
854 3013 1014 3078 Romanos
1040 3012 1282 3078 usitatissimam
1311 3014 1345 3077 in

211 3133 322 3197 opere,
364 3112 450 3196 quod
486 3115 622 3198 primum
659 3115 820 3198 sculptum
850 3134 922 3180 esse
952 3116 1173 3181 Alexandrino
1203 3123 1345 3201 ternpore

182 3237 283 3288 .cum
306 3223 406 3281 totum
430 3217 627 3283 demonstrat
650 3237 752 3300 genus
775 3218 919 3300 fingendi
945 3225 1012 3283 tum
1041 3225 1237 3301 quattuor
1266 3221 1345 3284 illae

210 3317 331 3400 Horae,
364 3340 446 3404 quae
470 3319 575 3396 ἰδίους
598 3325 766 3408 φέρουσαι
788 3318 940 3407 adprecor
969 3321 1106 3405 primum
1129 3329 1286 3408 apparent
1311 3324 1345 3387 in

210 3443 328 3508 pompa
348 3425 528 3490 Ptolemaei
549 3424 754 3508 Philadelphi
763 3427 809 3509 †].
855 3426 969 3508 Neque
991 3425 1026 3490 id
1048 3426 1177 3506 mirum;
1208 3447 1345 3509 namque

211 3524 340 3591 dextras
360 3527 517 3610 iungendi
538 3547 616 3593 usus
638 3527 778 3594 foederis
801 3529 901 3593 mutui
930 3528 1075 3611 inprimis
1099 3529 1226 3611 signum
1235 3530 1286 3614 ††)
1311 3529 1346 3594 in

208 3648 262 3655 a.—

209 3791 238 3845 1³
270 3717 318 3845 1ἔέ
336 3715 476 3847 1100οἓ0οἶ,
496 3715 534 3770 A.
549 3717 582 3769 B.
603 3717 805 3782 101).14-16;
838 3715 999 3782 Overbeck‚
1020 3716 1122 3774 Gesoh.
1137 3718 1163 3771 d.
1178 3734 1219 3786 gr.
1234 3717 1345 3772 Plastik

240 3834 247 3858 ›
272 3880 313 3943 **)
334 3811 589 3946 BartdlisAdmir.
610 3883 656 3945 573
689 3879 840 3942 Guattani,
860 3882 896 3934 M.
910 3881 933 3933 I.
955 3883 1020 3932 1785
1039 3881 1148 3950 Aprile,
1170 3881 1228 3935 tab.
1242 3881 1297 3948 ΙΙΙ,
1313 3885 1340 3947 3;

209 3955 365 4024 Campana,
392 3973 438 4025 op.
457 3959 541 4026 plast.
561 3959 598 4026 pl.
616 3960 745 4023 60-62,
772 3958 820 4026 qui
837 3959 868 4013 id
886 3974 973 4026 genus
992 3959 1124 4027 reliquias
1141 3959 1343 4027 perfectissime

207 4037 336 4105 collegit;
357 4052 392 4090 ex
410 4037 569 4107 Campanae
587 4038 683 4092 tabula
700 4039 821 4108 repetita
839 4044 884 4092 est
902 4037 948 4106 fig.
964 4042 988 4092 5.

254 4123 313 4188 ***)
334 4123 566 4191 Compte-rendu
586 4126 649 4176 1861
669 4143 697 4194 p.
713 4128 754 4189 89,
775 4126 870 4180 adnot.

282 4211 308 4272 †)
330 4209 455 4277 Purgold
472 4209 490 4262 1.
501 4223 524 4262 c.
540 4213 581 4263 56.

265 4295 311 4360 ††)
333 4296 443 4350 (101010
457 4294 505 4348 1110
518 4311 570 4348 000
582 4312 610 4349 v.
622 4294 803 4364 Stephanium
822 4297 983 4372 doctissime
997 4299 1180 4352 disserentem
1199 4295 1245 4351 l.c.
1254 4300 1286 4349 to
1297 4313 1338 4368 sq.
1428 4300 1432 4310 '
