<?xml version="1.0" encoding="UTF-8"?>
<!DOCTYPE html PUBLIC "-//W3C//DTD XHTML 1.0 Transitional//EN"
    "http://www.w3.org/TR/xhtml1/DTD/xhtml1-transitional.dtd">
<html xmlns="http://www.w3.org/1999/xhtml" xml:lang="en" lang="en">
 <head>
  <title>
</title>
<meta http-equiv="Content-Type" content="text/html;charset=utf-8" />
  <meta name='ocr-system' content='tesseract 3.04.00' />
  <meta name='ocr-capabilities' content='ocr_page ocr_carea ocr_par ocr_line ocrx_word'/>
</head>
<body>
  <div class='ocr_page' id='page_1' title='image "./statiepithalami00statgoog_0038.png"; bbox 0 0 3250 5130; ppageno 0'>
   <div class='ocr_carea' id='block_1_1' title="bbox 614 410 885 469">
    <p class='ocr_par' dir='ltr' id='par_1_1' title="bbox 614 410 885 469">
     <span class='ocr_line' id='line_1_1' title="bbox 614 410 885 469; baseline 0.022 -6"><span class='ocrx_word' id='word_1_1' title='bbox 614 410 885 469; x_wconf 79' lang='lat'><strong>.-27--</strong></span> 
     </span>
    </p>
   </div>
   <div class='ocr_carea' id='block_1_2' title="bbox 210 595 1346 1405">
    <p class='ocr_par' dir='ltr' id='par_1_2' title="bbox 211 595 1346 787">
     <span class='ocr_line' id='line_1_2' title="bbox 211 595 1346 682; baseline -0.001 -20"><span class='ocrx_word' id='word_1_2' title='bbox 211 595 395 680; x_wconf 90' lang='lat' dir='ltr'>sculpendis</span> <span class='ocrx_word' id='word_1_3' title='bbox 420 595 496 682; x_wconf 90' lang='lat' dir='ltr'>quid</span> <span class='ocrx_word' id='word_1_4' title='bbox 518 596 654 661; x_wconf 89' lang='lat' dir='ltr'>Romani</span> <span class='ocrx_word' id='word_1_5' title='bbox 675 603 732 660; x_wconf 90' lang='lat' dir='ltr'>aut</span> <span class='ocrx_word' id='word_1_6' title='bbox 760 601 861 661; x_wconf 86' lang='lat' dir='ltr'>totum</span> <span class='ocrx_word' id='word_1_7' title='bbox 892 597 1086 682; x_wconf 81' lang='lat' dir='ltr'><strong>sumpserint</strong></span> <span class='ocrx_word' id='word_1_8' title='bbox 1108 604 1164 663; x_wconf 92' lang='lat' dir='ltr'>aut</span> <span class='ocrx_word' id='word_1_9' title='bbox 1191 597 1346 663; x_wconf 73' lang='lat' dir='ltr'>transfor:</span> 
     </span>
     <span class='ocr_line' id='line_1_3' title="bbox 211 699 1148 787; baseline 0.002 -23"><span class='ocrx_word' id='word_1_10' title='bbox 211 700 368 767; x_wconf 84' lang='lat' dir='ltr'>maverint</span> <span class='ocrx_word' id='word_1_11' title='bbox 390 705 446 766; x_wconf 89' lang='lat' dir='ltr'>aut</span> <span class='ocrx_word' id='word_1_12' title='bbox 469 720 510 765; x_wconf 85' lang='lat' dir='ltr'>ex</span> <span class='ocrx_word' id='word_1_13' title='bbox 532 719 589 765; x_wconf 91' lang='lat' dir='ltr'>suo</span> <span class='ocrx_word' id='word_1_14' title='bbox 612 699 803 766; x_wconf 81' lang='lat' dir='ltr'>addiderint.</span> <span class='ocrx_word' id='word_1_15' title='bbox 983 779 988 787; x_wconf 29' lang='grc' dir='ltr'>Ι</span> <span class='ocrx_word' id='word_1_16' title='bbox 1145 767 1148 774; x_wconf 83' lang='grc'><strong>,</strong></span> 
     </span>
    </p>

    <p class='ocr_par' dir='ltr' id='par_1_3' title="bbox 210 802 1346 1405">
     <span class='ocr_line' id='line_1_4' title="bbox 296 802 1346 888; baseline 0 -20"><span class='ocrx_word' id='word_1_17' title='bbox 296 805 401 886; x_wconf 82' lang='lat' dir='ltr'><strong>Atque</strong></span> <span class='ocrx_word' id='word_1_18' title='bbox 422 804 456 868; x_wconf 92' lang='lat' dir='ltr'>in</span> <span class='ocrx_word' id='word_1_19' title='bbox 478 802 565 869; x_wconf 90' lang='lat' dir='ltr'>hisce</span> <span class='ocrx_word' id='word_1_20' title='bbox 591 804 686 868; x_wconf 89' lang='lat' dir='ltr'>rebus</span> <span class='ocrx_word' id='word_1_21' title='bbox 716 803 974 887; x_wconf 84' lang='lat' dir='ltr'>pervestigandis</span> <span class='ocrx_word' id='word_1_22' title='bbox 997 825 1035 870; x_wconf 88' lang='lat' dir='ltr'>eo</span> <span class='ocrx_word' id='word_1_23' title='bbox 1058 805 1162 888; x_wconf 83' lang='lat' dir='ltr'>magis</span> <span class='ocrx_word' id='word_1_24' title='bbox 1193 805 1253 870; x_wconf 92' lang='lat' dir='ltr'>hoc</span> <span class='ocrx_word' id='word_1_25' title='bbox 1275 825 1346 870; x_wconf 90' lang='lat' dir='ltr'>car-</span> 
     </span>
     <span class='ocr_line' id='line_1_5' title="bbox 210 906 1346 990; baseline 0.001 -18"><span class='ocrx_word' id='word_1_26' title='bbox 210 908 296 972; x_wconf 89' lang='lat' dir='ltr'>mine</span> <span class='ocrx_word' id='word_1_27' title='bbox 318 908 365 972; x_wconf 90' lang='lat' dir='ltr'>uti</span> <span class='ocrx_word' id='word_1_28' title='bbox 393 925 563 990; x_wconf 91' lang='lat' dir='ltr'>possumus</span> <span class='ocrx_word' id='word_1_29' title='bbox 593 906 813 988; x_wconf 83' lang='lat' dir='ltr'>fundamento,</span> <span class='ocrx_word' id='word_1_30' title='bbox 841 908 991 989; x_wconf 89' lang='lat' dir='ltr'>quoniam</span> <span class='ocrx_word' id='word_1_31' title='bbox 1014 916 1046 974; x_wconf 93' lang='lat' dir='ltr'>et</span> <span class='ocrx_word' id='word_1_32' title='bbox 1069 908 1190 973; x_wconf 81' lang='lat' dir='ltr'>Statius</span> <span class='ocrx_word' id='word_1_33' title='bbox 1214 915 1246 973; x_wconf 88' lang='lat' dir='ltr'>et</span> <span class='ocrx_word' id='word_1_34' title='bbox 1267 908 1346 973; x_wconf 91' lang='lat' dir='ltr'>arti-</span> 
     </span>
     <span class='ocr_line' id='line_1_6' title="bbox 210 1009 1345 1102; baseline 0 -26"><span class='ocrx_word' id='word_1_35' title='bbox 210 1011 286 1076; x_wconf 89' lang='lat' dir='ltr'>fices</span> <span class='ocrx_word' id='word_1_36' title='bbox 309 1011 423 1075; x_wconf 90' lang='lat' dir='ltr'>mirum</span> <span class='ocrx_word' id='word_1_37' title='bbox 440 1011 508 1075; x_wconf 87' lang='lat' dir='ltr'>fere</span> <span class='ocrx_word' id='word_1_38' title='bbox 529 1011 563 1074; x_wconf 93' lang='lat' dir='ltr'>in</span> <span class='ocrx_word' id='word_1_39' title='bbox 586 1009 714 1074; x_wconf 92' lang='lat' dir='ltr'>modum</span> <span class='ocrx_word' id='word_1_40' title='bbox 737 1011 942 1076; x_wconf 87' lang='lat' dir='ltr'>conveniunt.</span> <span class='ocrx_word' id='word_1_41' title='bbox 975 1012 1084 1102; x_wconf 83' lang='lat' dir='ltr'>Habes</span> <span class='ocrx_word' id='word_1_42' title='bbox 1107 1011 1195 1096; x_wconf 88' lang='lat' dir='ltr'>apud</span> <span class='ocrx_word' id='word_1_43' title='bbox 1209 1012 1345 1076; x_wconf 79' lang='lat' dir='ltr'>Statium</span> 
     </span>
     <span class='ocr_line' id='line_1_7' title="bbox 211 1113 1344 1197; baseline 0 -19"><span class='ocrx_word' id='word_1_44' title='bbox 211 1113 329 1178; x_wconf 82' lang='lat' dir='ltr'>similia</span> <span class='ocrx_word' id='word_1_45' title='bbox 351 1113 499 1178; x_wconf 89' lang='lat' dir='ltr'>fabulosa</span> <span class='ocrx_word' id='word_1_46' title='bbox 521 1113 564 1178; x_wconf 88' lang='lat' dir='ltr'>ad</span> <span class='ocrx_word' id='word_1_47' title='bbox 580 1113 761 1178; x_wconf 87' lang='lat' dir='ltr'>satietatem</span> <span class='ocrx_word' id='word_1_48' title='bbox 785 1119 952 1196; x_wconf 81' lang='lat' dir='ltr'>congesta3</span> <span class='ocrx_word' id='word_1_49' title='bbox 978 1113 1012 1177; x_wconf 92' lang='lat' dir='ltr'>in</span> <span class='ocrx_word' id='word_1_50' title='bbox 1035 1113 1243 1197; x_wconf 79' lang='lat' dir='ltr'>sarcophagis</span> <span class='ocrx_word' id='word_1_51' title='bbox 1267 1113 1344 1179; x_wconf 94' lang='lat' dir='ltr'>deos</span> 
     </span>
     <span class='ocr_line' id='line_1_8' title="bbox 212 1217 1345 1300; baseline 0.001 -18"><span class='ocrx_word' id='word_1_52' title='bbox 212 1218 264 1282; x_wconf 90' lang='lat' dir='ltr'>vel</span> <span class='ocrx_word' id='word_1_53' title='bbox 286 1217 401 1282; x_wconf 90' lang='lat' dir='ltr'>heroas</span> <span class='ocrx_word' id='word_1_54' title='bbox 424 1222 618 1282; x_wconf 90' lang='lat' dir='ltr'>mortuorum</span> <span class='ocrx_word' id='word_1_55' title='bbox 637 1217 744 1280; x_wconf 89' lang='lat' dir='ltr'>vultus</span> <span class='ocrx_word' id='word_1_56' title='bbox 768 1236 845 1300; x_wconf 91' lang='lat' dir='ltr'>prae</span> <span class='ocrx_word' id='word_1_57' title='bbox 869 1235 903 1300; x_wconf 83' lang='lat' dir='ltr'>se</span> <span class='ocrx_word' id='word_1_58' title='bbox 924 1217 1075 1282; x_wconf 86' lang='lat' dir='ltr'>ferentes.</span> <span class='ocrx_word' id='word_1_59' title='bbox 1111 1217 1239 1284; x_wconf 80' lang='lat' dir='ltr'>Vidcsis</span> <span class='ocrx_word' id='word_1_60' title='bbox 1262 1238 1345 1299; x_wconf 91' lang='lat' dir='ltr'>quae</span> 
     </span>
     <span class='ocr_line' id='line_1_9' title="bbox 211 1319 1341 1405; baseline -0.001 -20"><span class='ocrx_word' id='word_1_61' title='bbox 211 1319 252 1386; x_wconf 92' lang='lat' dir='ltr'>de</span> <span class='ocrx_word' id='word_1_62' title='bbox 274 1321 336 1386; x_wconf 88' lang='lat' dir='ltr'>hac</span> <span class='ocrx_word' id='word_1_63' title='bbox 358 1341 392 1386; x_wconf 90' lang='lat' dir='ltr'>re</span> <span class='ocrx_word' id='word_1_64' title='bbox 416 1341 512 1405; x_wconf 89' lang='lat' dir='ltr'>supra</span> <span class='ocrx_word' id='word_1_65' title='bbox 534 1319 664 1404; x_wconf 91' lang='lat' dir='ltr'>scripsi,</span> <span class='ocrx_word' id='word_1_66' title='bbox 691 1319 806 1401; x_wconf 90' lang='lat' dir='ltr'>quibus</span> <span class='ocrx_word' id='word_1_67' title='bbox 828 1319 913 1386; x_wconf 91' lang='lat' dir='ltr'>adde</span> <span class='ocrx_word' id='word_1_68' title='bbox 936 1320 1018 1386; x_wconf 85' lang='lat' dir='ltr'>Stati</span> <span class='ocrx_word' id='word_1_69' title='bbox 1046 1321 1150 1386; x_wconf 93' lang='lat' dir='ltr'>locum</span> <span class='ocrx_word' id='word_1_70' title='bbox 1174 1321 1247 1386; x_wconf 90' lang='lat' dir='ltr'>silv.</span> <span class='ocrx_word' id='word_1_71' title='bbox 1258 1322 1296 1404; x_wconf 89' lang='lat' dir='ltr'>V,</span> <span class='ocrx_word' id='word_1_72' title='bbox 1312 1327 1341 1405; x_wconf 78' lang='lat'>1,</span> 
     </span>
    </p>
   </div>
   <div class='ocr_carea' id='block_1_3' title="bbox 213 1426 1048 1539">
    <p class='ocr_par' dir='ltr' id='par_1_4' title="bbox 213 1426 1048 1539">
     <span class='ocr_line' id='line_1_10' title="bbox 213 1426 1048 1539; baseline 0 -1"><span class='ocrx_word' id='word_1_73' title='bbox 213 1426 338 1506; x_wconf 65' lang='lat' dir='ltr'>231⁵q‘</span> <span class='ocrx_word' id='word_1_74' title='bbox 503 1497 574 1538; x_wconf 76' lang='lat' dir='ltr'>mcc</span> <span class='ocrx_word' id='word_1_75' title='bbox 596 1474 629 1536; x_wconf 80' lang='lat' dir='ltr'>ia</span> <span class='ocrx_word' id='word_1_76' title='bbox 651 1475 757 1538; x_wconf 79' lang='lat' dir='ltr'>aurias</span> <span class='ocrx_word' id='word_1_77' title='bbox 779 1483 900 1539; x_wconf 80' lang='lat' dir='ltr'>mutata</span> <span class='ocrx_word' id='word_1_78' title='bbox 921 1475 1048 1538; x_wconf 79' lang='lat' dir='ltr'>conaris</span> 
     </span>
    </p>
   </div>
   <div class='ocr_carea' id='block_1_4' title="bbox 207 1577 1395 4057">
    <p class='ocr_par' dir='ltr' id='par_1_5' title="bbox 268 1577 1220 1967">
     <span class='ocr_line' id='line_1_11' title="bbox 268 1577 1157 1668; baseline 0 -26"><span class='ocrx_word' id='word_1_79' title='bbox 268 1651 276 1668; x_wconf 88' lang='lat'><strong>.</strong></span> <span class='ocrx_word' id='word_1_80' title='bbox 340 1577 495 1662; x_wconf 78' lang='lat' dir='ltr'>Effipc&#39;es:</span> <span class='ocrx_word' id='word_1_81' title='bbox 508 1578 576 1641; x_wconf 51' lang='lat' dir='ltr'>‘hoc</span> <span class='ocrx_word' id='word_1_82' title='bbox 598 1599 672 1641; x_wconf 82' lang='lat' dir='ltr'>aare</span> <span class='ocrx_word' id='word_1_83' title='bbox 698 1581 799 1658; x_wconf 78' lang='lat' dir='ltr'>Ocres,</span> <span class='ocrx_word' id='word_1_84' title='bbox 827 1578 884 1642; x_wconf 79' lang='lat' dir='ltr'>hoc</span> <span class='ocrx_word' id='word_1_85' title='bbox 906 1577 1012 1642; x_wconf 80' lang='lat' dir='ltr'>lucida</span> <span class='ocrx_word' id='word_1_86' title='bbox 1037 1579 1157 1658; x_wconf 70' lang='lat' dir='ltr'>Cnosia</span> 
     </span>
     <span class='ocr_line' id='line_1_12' title="bbox 339 1678 1220 1765; baseline 0.002 -21"><span class='ocrx_word' id='word_1_87' title='bbox 339 1678 402 1744; x_wconf 84' lang='lat' dir='ltr'>Illo</span> <span class='ocrx_word' id='word_1_88' title='bbox 425 1681 516 1745; x_wconf 75' lang='lat' dir='ltr'>Maio</span> <span class='ocrx_word' id='word_1_89' title='bbox 531 1681 601 1744; x_wconf 52' lang='lat' dir='ltr'>&#39;tolo</span> <span class='ocrx_word' id='word_1_90' title='bbox 617 1682 661 1765; x_wconf 73' lang='lat' dir='ltr'>(l),</span> <span class='ocrx_word' id='word_1_91' title='bbox 682 1684 787 1745; x_wconf 76' lang='lat' dir='ltr'>Versus</span> <span class='ocrx_word' id='word_1_92' title='bbox 809 1681 866 1746; x_wconf 81' lang='lat' dir='ltr'>hoc</span> <span class='ocrx_word' id='word_1_93' title='bbox 888 1705 947 1744; x_wconf 82' lang='lat' dir='ltr'>coa</span> <span class='ocrx_word' id='word_1_94' title='bbox 969 1681 1111 1764; x_wconf 80' lang='lat' dir='ltr'>improba</span> <span class='ocrx_word' id='word_1_95' title='bbox 1133 1704 1220 1746; x_wconf 79' lang='lat' dir='ltr'>scae.</span> 
     </span>
     <span class='ocr_line' id='line_1_13' title="bbox 339 1783 1078 1868; baseline 0 -20"><span class='ocrx_word' id='word_1_96' title='bbox 339 1785 511 1866; x_wconf 76' lang='lat' dir='ltr'>Accipiunt</span> <span class='ocrx_word' id='word_1_97' title='bbox 532 1785 636 1848; x_wconf 80' lang='lat' dir='ltr'>vultus</span> <span class='ocrx_word' id='word_1_98' title='bbox 659 1783 746 1848; x_wconf 74' lang='lat' dir='ltr'>haud</span> <span class='ocrx_word' id='word_1_99' title='bbox 765 1783 930 1868; x_wconf 70' lang='lat' dir='ltr'>iudipuctc</span> <span class='ocrx_word' id='word_1_100' title='bbox 951 1785 1078 1848; x_wconf 79' lang='lat' dir='ltr'>decoros</span> 
     </span>
     <span class='ocr_line' id='line_1_14' title="bbox 338 1887 490 1967; baseline -0.013 -16"><span class='ocrx_word' id='word_1_101' title='bbox 338 1887 490 1967; x_wconf 72' lang='lat' dir='ltr'>Numina.</span> 
     </span>
    </p>

    <p class='ocr_par' dir='ltr' id='par_1_6' title="bbox 208 2007 1395 2502">
     <span class='ocr_line' id='line_1_15' title="bbox 295 2007 1344 2092; baseline -0.003 -17"><span class='ocrx_word' id='word_1_102' title='bbox 295 2009 409 2091; x_wconf 88' lang='lat' dir='ltr'>Nequ&#39;e</span> <span class='ocrx_word' id='word_1_103' title='bbox 438 2009 543 2074; x_wconf 91' lang='lat' dir='ltr'>miuus</span> <span class='ocrx_word' id='word_1_104' title='bbox 575 2009 609 2072; x_wconf 91' lang='lat' dir='ltr'>in</span> <span class='ocrx_word' id='word_1_105' title='bbox 637 2007 697 2074; x_wconf 92' lang='lat' dir='ltr'>hoc</span> <span class='ocrx_word' id='word_1_106' title='bbox 725 2007 940 2088; x_wconf 86' lang='lat' dir='ltr'>consentiunt,</span> <span class='ocrx_word' id='word_1_107' title='bbox 975 2007 1060 2089; x_wconf 90' lang='lat' dir='ltr'>quod</span> <span class='ocrx_word' id='word_1_108' title='bbox 1088 2007 1217 2074; x_wconf 90' lang='lat' dir='ltr'>deorum</span> <span class='ocrx_word' id='word_1_109' title='bbox 1250 2028 1344 2092; x_wconf 90' lang='lat' dir='ltr'>prae-</span> 
     </span>
     <span class='ocr_line' id='line_1_16' title="bbox 210 2109 1395 2196; baseline -0.002 -20"><span class='ocrx_word' id='word_1_110' title='bbox 210 2111 315 2176; x_wconf 86' lang='lat' dir='ltr'>sentia</span> <span class='ocrx_word' id='word_1_111' title='bbox 336 2111 474 2195; x_wconf 87' lang='lat' dir='ltr'>nuptiali</span> <span class='ocrx_word' id='word_1_112' title='bbox 496 2131 633 2196; x_wconf 81' lang='lat' dir='ltr'>pompae</span> <span class='ocrx_word' id='word_1_113' title='bbox 656 2111 808 2175; x_wconf 91' lang='lat' dir='ltr'>maiorem</span> <span class='ocrx_word' id='word_1_114' title='bbox 838 2110 899 2175; x_wconf 90' lang='lat' dir='ltr'>sibi</span> <span class='ocrx_word' id='word_1_115' title='bbox 921 2109 1070 2176; x_wconf 89' lang='lat' dir='ltr'>videntur</span> <span class='ocrx_word' id='word_1_116' title='bbox 1091 2110 1212 2176; x_wconf 90' lang='lat' dir='ltr'>addere</span> <span class='ocrx_word' id='word_1_117' title='bbox 1235 2112 1344 2194; x_wconf 90' lang='lat' dir='ltr'>splen·</span> <span class='ocrx_word' id='word_1_118' title='bbox 1392 2159 1395 2164; x_wconf 28' lang='lat' dir='ltr'>v</span> 
     </span>
     <span class='ocr_line' id='line_1_17' title="bbox 210 2213 1343 2297; baseline -0.002 -17"><span class='ocrx_word' id='word_1_119' title='bbox 210 2215 329 2280; x_wconf 90' lang='lat' dir='ltr'>dorem.</span> <span class='ocrx_word' id='word_1_120' title='bbox 370 2214 493 2291; x_wconf 78' lang='lat' dir='ltr'>Quibus</span> <span class='ocrx_word' id='word_1_121' title='bbox 517 2213 557 2278; x_wconf 90' lang='lat' dir='ltr'>de</span> <span class='ocrx_word' id='word_1_122' title='bbox 581 2213 632 2278; x_wconf 91' lang='lat' dir='ltr'>dis</span> <span class='ocrx_word' id='word_1_123' title='bbox 655 2213 683 2278; x_wconf 93' lang='lat' dir='ltr'>si</span> <span class='ocrx_word' id='word_1_124' title='bbox 705 2233 790 2278; x_wconf 90' lang='lat' dir='ltr'>nunc</span> <span class='ocrx_word' id='word_1_125' title='bbox 811 2233 917 2297; x_wconf 92' lang='lat' dir='ltr'>pauca</span> <span class='ocrx_word' id='word_1_126' title='bbox 944 2213 1034 2278; x_wconf 86' lang='lat' dir='ltr'>iuvat</span> <span class='ocrx_word' id='word_1_127' title='bbox 1056 2213 1231 2297; x_wconf 84' lang='lat' dir='ltr'>disserere,</span> <span class='ocrx_word' id='word_1_128' title='bbox 1257 2213 1343 2278; x_wconf 90' lang='lat' dir='ltr'>unde</span> 
     </span>
     <span class='ocr_line' id='line_1_18' title="bbox 209 2311 1343 2400; baseline -0.002 -18"><span class='ocrx_word' id='word_1_129' title='bbox 209 2319 323 2384; x_wconf 93' lang='lat' dir='ltr'>melius</span> <span class='ocrx_word' id='word_1_130' title='bbox 346 2317 453 2382; x_wconf 89' lang='lat' dir='ltr'>ordiar</span> <span class='ocrx_word' id='word_1_131' title='bbox 475 2337 569 2399; x_wconf 91' lang='lat' dir='ltr'>quam</span> <span class='ocrx_word' id='word_1_132' title='bbox 593 2317 633 2381; x_wconf 91' lang='lat' dir='ltr'>ab</span> <span class='ocrx_word' id='word_1_133' title='bbox 656 2317 707 2398; x_wconf 89' lang='lat' dir='ltr'>iis,</span> <span class='ocrx_word' id='word_1_134' title='bbox 734 2317 851 2398; x_wconf 90' lang='lat' dir='ltr'>quibus</span> <span class='ocrx_word' id='word_1_135' title='bbox 874 2317 950 2400; x_wconf 90' lang='lat' dir='ltr'>quin</span> <span class='ocrx_word' id='word_1_136' title='bbox 972 2311 1101 2381; x_wconf 82' lang='lat' dir='ltr'>summa&#39;</span> <span class='ocrx_word' id='word_1_137' title='bbox 1117 2318 1213 2383; x_wconf 89' lang='lat' dir='ltr'>totius</span> <span class='ocrx_word' id='word_1_138' title='bbox 1241 2317 1343 2383; x_wconf 91' lang='lat' dir='ltr'>caeri-</span> 
     </span>
     <span class='ocr_line' id='line_1_19' title="bbox 208 2407 1261 2502; baseline -0.002 -16"><span class='ocrx_word' id='word_1_139' title='bbox 208 2423 334 2488; x_wconf 90' lang='lat' dir='ltr'>moniae</span> <span class='ocrx_word' id='word_1_140' title='bbox 358 2420 445 2486; x_wconf 91' lang='lat' dir='ltr'>cordi</span> <span class='ocrx_word' id='word_1_141' title='bbox 467 2420 517 2502; x_wconf 85' lang='lat' dir='ltr'>sit,</span> <span class='ocrx_word' id='word_1_142' title='bbox 544 2441 607 2484; x_wconf 92' lang='lat' dir='ltr'>non</span> <span class='ocrx_word' id='word_1_143' title='bbox 630 2426 678 2484; x_wconf 89' lang='lat' dir='ltr'>est</span> <span class='ocrx_word' id='word_1_144' title='bbox 701 2419 832 2484; x_wconf 93' lang='lat' dir='ltr'>dubium</span> <span class='ocrx_word' id='word_1_145' title='bbox 848 2407 897 2466; x_wconf 41' lang='lat'>&#39;—</span> <span class='ocrx_word' id='word_1_146' title='bbox 919 2422 1040 2485; x_wconf 92' lang='lat' dir='ltr'>Iunone</span> <span class='ocrx_word' id='word_1_147' title='bbox 1063 2427 1095 2486; x_wconf 91' lang='lat' dir='ltr'>et</span> <span class='ocrx_word' id='word_1_148' title='bbox 1117 2422 1261 2487; x_wconf 72' lang='lat' dir='ltr'>Venerei</span> 
     </span>
    </p>

    <p class='ocr_par' dir='ltr' id='par_1_7' title="bbox 208 2522 1345 3126">
     <span class='ocr_line' id='line_1_20' title="bbox 294 2522 1343 2608; baseline 0 -19"><span class='ocrx_word' id='word_1_149' title='bbox 294 2525 403 2590; x_wconf 90' lang='lat' dir='ltr'>Venus</span> <span class='ocrx_word' id='word_1_150' title='bbox 434 2522 519 2588; x_wconf 91' lang='lat' dir='ltr'>enim</span> <span class='ocrx_word' id='word_1_151' title='bbox 547 2523 713 2606; x_wconf 89' lang='lat' dir='ltr'>pronubae</span> <span class='ocrx_word' id='word_1_152' title='bbox 741 2523 811 2588; x_wconf 92' lang='lat' dir='ltr'>loco</span> <span class='ocrx_word' id='word_1_153' title='bbox 839 2529 971 2608; x_wconf 88' lang='lat' dir='ltr'>nuptam</span> <span class='ocrx_word' id='word_1_154' title='bbox 993 2523 1062 2588; x_wconf 91' lang='lat' dir='ltr'>viro</span> <span class='ocrx_word' id='word_1_155' title='bbox 1090 2524 1238 2606; x_wconf 87' lang='lat' dir='ltr'>traducit,</span> <span class='ocrx_word' id='word_1_156' title='bbox 1263 2525 1343 2589; x_wconf 91' lang='lat' dir='ltr'>Iuno</span> 
     </span>
     <span class='ocr_line' id='line_1_21' title="bbox 210 2626 1344 2710; baseline -0.003 -15"><span class='ocrx_word' id='word_1_157' title='bbox 210 2636 315 2696; x_wconf 91' lang='lat' dir='ltr'>autem</span> <span class='ocrx_word' id='word_1_158' title='bbox 338 2630 420 2710; x_wconf 80' lang='lat' dir='ltr'>Iuga</span> <span class='ocrx_word' id='word_1_159' title='bbox 444 2627 523 2692; x_wconf 91' lang='lat' dir='ltr'>duos</span> <span class='ocrx_word' id='word_1_160' title='bbox 547 2626 711 2708; x_wconf 83' lang='lat' dir='ltr'>coniungit</span> <span class='ocrx_word' id='word_1_161' title='bbox 733 2627 874 2692; x_wconf 91' lang='lat' dir='ltr'>maritos.</span> <span class='ocrx_word' id='word_1_162' title='bbox 923 2627 1014 2705; x_wconf 78' lang='lat' dir='ltr'>Quod</span> <span class='ocrx_word' id='word_1_163' title='bbox 1037 2628 1192 2710; x_wconf 91' lang='lat' dir='ltr'>quomodo</span> <span class='ocrx_word' id='word_1_164' title='bbox 1217 2629 1251 2692; x_wconf 95' lang='lat' dir='ltr'>in</span> <span class='ocrx_word' id='word_1_165' title='bbox 1274 2647 1344 2693; x_wconf 89' lang='lat' dir='ltr'>sar-</span> 
     </span>
     <span class='ocr_line' id='line_1_22' title="bbox 209 2729 1344 2818; baseline -0.002 -20"><span class='ocrx_word' id='word_1_166' title='bbox 209 2732 363 2818; x_wconf 81' lang='lat' dir='ltr'>cophagis</span> <span class='ocrx_word' id='word_1_167' title='bbox 379 2730 520 2796; x_wconf 88' lang='lat' dir='ltr'>effictum</span> <span class='ocrx_word' id='word_1_168' title='bbox 543 2729 584 2796; x_wconf 90' lang='lat' dir='ltr'>sit</span> <span class='ocrx_word' id='word_1_169' title='bbox 605 2729 670 2794; x_wconf 92' lang='lat' dir='ltr'>iarn</span> <span class='ocrx_word' id='word_1_170' title='bbox 685 2729 863 2813; x_wconf 89' lang='lat' dir='ltr'>videamus,</span> <span class='ocrx_word' id='word_1_171' title='bbox 884 2731 912 2795; x_wconf 93' lang='lat' dir='ltr'>si</span> <span class='ocrx_word' id='word_1_172' title='bbox 925 2731 1043 2815; x_wconf 88' lang='lat' dir='ltr'>placet.</span> <span class='ocrx_word' id='word_1_173' title='bbox 1079 2731 1144 2796; x_wconf 90' lang='lat' dir='ltr'>Sed</span> <span class='ocrx_word' id='word_1_174' title='bbox 1158 2731 1344 2816; x_wconf 91' lang='lat' dir='ltr'>priusquam</span> 
     </span>
     <span class='ocr_line' id='line_1_23' title="bbox 208 2832 1345 2919; baseline 0 -18"><span class='ocrx_word' id='word_1_175' title='bbox 208 2837 251 2901; x_wconf 92' lang='lat' dir='ltr'>ad</span> <span class='ocrx_word' id='word_1_176' title='bbox 271 2835 306 2901; x_wconf 79' lang='lat' dir='ltr'>id</span> <span class='ocrx_word' id='word_1_177' title='bbox 333 2836 440 2919; x_wconf 91' lang='lat' dir='ltr'>ipsum</span> <span class='ocrx_word' id='word_1_178' title='bbox 467 2832 670 2915; x_wconf 85' lang='lat' dir='ltr'>accedamus,</span> <span class='ocrx_word' id='word_1_179' title='bbox 696 2852 889 2914; x_wconf 75' lang='lat' dir='ltr'>cognoscere</span> <span class='ocrx_word' id='word_1_180' title='bbox 917 2834 951 2898; x_wconf 91' lang='lat' dir='ltr'>in</span> <span class='ocrx_word' id='word_1_181' title='bbox 979 2854 1046 2900; x_wconf 92' lang='lat' dir='ltr'>rem</span> <span class='ocrx_word' id='word_1_182' title='bbox 1069 2841 1118 2899; x_wconf 91' lang='lat' dir='ltr'>est</span> <span class='ocrx_word' id='word_1_183' title='bbox 1139 2873 1181 2881; x_wconf 91' lang='lat'>—-</span> <span class='ocrx_word' id='word_1_184' title='bbox 1203 2835 1238 2914; x_wconf 91' lang='lat' dir='ltr'>id</span> <span class='ocrx_word' id='word_1_185' title='bbox 1258 2835 1345 2918; x_wconf 90' lang='lat' dir='ltr'>quod</span> 
     </span>
     <span class='ocr_line' id='line_1_24' title="bbox 209 2935 1345 3023; baseline 0 -19"><span class='ocrx_word' id='word_1_186' title='bbox 209 2939 300 3004; x_wconf 93' lang='lat' dir='ltr'>nobis</span> <span class='ocrx_word' id='word_1_187' title='bbox 329 2937 556 3023; x_wconf 90' lang='lat' dir='ltr'>proposuimus</span> <span class='ocrx_word' id='word_1_188' title='bbox 577 2973 621 2984; x_wconf 83' lang='lat'>—</span> <span class='ocrx_word' id='word_1_189' title='bbox 643 2937 698 3020; x_wconf 92' lang='lat' dir='ltr'>qui</span> <span class='ocrx_word' id='word_1_190' title='bbox 727 2935 869 3004; x_wconf 85' lang='lat' dir='ltr'>Graecus</span> <span class='ocrx_word' id='word_1_191' title='bbox 898 2937 994 3003; x_wconf 86' lang='lat' dir='ltr'>fuerit</span> <span class='ocrx_word' id='word_1_192' title='bbox 1020 2957 1088 3004; x_wconf 91' lang='lat' dir='ltr'>mos</span> <span class='ocrx_word' id='word_1_193' title='bbox 1117 2937 1212 3003; x_wconf 93' lang='lat' dir='ltr'>huius</span> <span class='ocrx_word' id='word_1_194' title='bbox 1242 2939 1345 3004; x_wconf 84' lang='lat' dir='ltr'>caeri·</span> 
     </span>
     <span class='ocr_line' id='line_1_25' title="bbox 208 3039 658 3126; baseline -0.011 -19"><span class='ocrx_word' id='word_1_195' title='bbox 208 3043 334 3107; x_wconf 90' lang='lat' dir='ltr'>moniae</span> <span class='ocrx_word' id='word_1_196' title='bbox 356 3039 658 3126; x_wconf 86' lang='lat' dir='ltr'>repraesentandae.</span> 
     </span>
    </p>

    <p class='ocr_par' dir='ltr' id='par_1_8' title="bbox 207 3143 1371 4057">
     <span class='ocr_line' id='line_1_26' title="bbox 293 3143 1371 3229; baseline 0.001 -20"><span class='ocrx_word' id='word_1_197' title='bbox 293 3145 397 3227; x_wconf 87' lang='lat' dir='ltr'>Atque</span> <span class='ocrx_word' id='word_1_198' title='bbox 427 3143 565 3228; x_wconf 90' lang='lat' dir='ltr'>primum</span> <span class='ocrx_word' id='word_1_199' title='bbox 593 3143 722 3227; x_wconf 89' lang='lat' dir='ltr'>quidem</span> <span class='ocrx_word' id='word_1_200' title='bbox 750 3145 887 3210; x_wconf 88' lang='lat' dir='ltr'>occurrit</span> <span class='ocrx_word' id='word_1_201' title='bbox 908 3164 966 3210; x_wconf 91' lang='lat' dir='ltr'>vas</span> <span class='ocrx_word' id='word_1_202' title='bbox 982 3145 1088 3210; x_wconf 93' lang='lat' dir='ltr'>Volcis</span> <span class='ocrx_word' id='word_1_203' title='bbox 1112 3151 1273 3229; x_wconf 89' lang='lat' dir='ltr'>repertum</span> <span class='ocrx_word' id='word_1_204' title='bbox 1303 3147 1343 3211; x_wconf 89' lang='lat' dir='ltr'>ab</span> <span class='ocrx_word' id='word_1_205' title='bbox 1369 3160 1371 3165; x_wconf 87' lang='grc'><strong><em>·</em></strong></span> 
     </span>
     <span class='ocr_line' id='line_1_27' title="bbox 208 3247 1344 3334; baseline 0.002 -22"><span class='ocrx_word' id='word_1_206' title='bbox 208 3247 358 3334; x_wconf 86' lang='lat' dir='ltr'>Helbigio</span> <span class='ocrx_word' id='word_1_207' title='bbox 388 3247 510 3312; x_wconf 87' lang='lat' dir='ltr'>editum</span> <span class='ocrx_word' id='word_1_208' title='bbox 536 3254 632 3330; x_wconf 88' lang='lat' dir='ltr'>atque</span> <span class='ocrx_word' id='word_1_209' title='bbox 655 3250 880 3330; x_wconf 73' lang='lat' dir='ltr'>enarratum.*)</span> <span class='ocrx_word' id='word_1_210' title='bbox 914 3249 1085 3331; x_wconf 83' lang='lat' dir='ltr'>Helbigius</span> <span class='ocrx_word' id='word_1_211' title='bbox 1108 3249 1176 3313; x_wconf 90' lang='lat' dir='ltr'>veri</span> <span class='ocrx_word' id='word_1_212' title='bbox 1205 3249 1344 3314; x_wconf 86' lang='lat' dir='ltr'>reddidit</span> 
     </span>
     <span class='ocr_line' id='line_1_28' title="bbox 208 3349 1344 3431; baseline 0.001 -15"><span class='ocrx_word' id='word_1_213' title='bbox 208 3351 406 3416; x_wconf 87' lang='lat' dir='ltr'>simillimum</span> <span class='ocrx_word' id='word_1_214' title='bbox 428 3371 491 3416; x_wconf 90' lang='lat' dir='ltr'>uon</span> <span class='ocrx_word' id='word_1_215' title='bbox 506 3349 632 3415; x_wconf 93' lang='lat' dir='ltr'>Paridis</span> <span class='ocrx_word' id='word_1_216' title='bbox 655 3349 695 3415; x_wconf 95' lang='lat' dir='ltr'>de</span> <span class='ocrx_word' id='word_1_217' title='bbox 718 3349 839 3416; x_wconf 91' lang='lat' dir='ltr'>deabus</span> <span class='ocrx_word' id='word_1_218' title='bbox 862 3350 1030 3431; x_wconf 74' lang='lat' dir='ltr'>iudicium,</span> <span class='ocrx_word' id='word_1_219' title='bbox 1056 3357 1091 3416; x_wconf 94' lang='lat' dir='ltr'>ut</span> <span class='ocrx_word' id='word_1_220' title='bbox 1113 3358 1209 3416; x_wconf 86' lang='lat' dir='ltr'>antea</span> <span class='ocrx_word' id='word_1_221' title='bbox 1232 3352 1344 3418; x_wconf 86' lang='lat' dir='ltr'>existi-</span> 
     </span>
     <span class='ocr_line' id='line_1_29' title="bbox 209 3453 1344 3538; baseline 0 -19"><span class='ocrx_word' id='word_1_222' title='bbox 209 3461 334 3519; x_wconf 88' lang='lat' dir='ltr'>marunt</span> <span class='ocrx_word' id='word_1_223' title='bbox 348 3455 410 3519; x_wconf 86' lang='lat' dir='ltr'>viri</span> <span class='ocrx_word' id='word_1_224' title='bbox 432 3455 530 3535; x_wconf 89' lang='lat' dir='ltr'>docti,</span> <span class='ocrx_word' id='word_1_225' title='bbox 551 3453 609 3519; x_wconf 92' lang='lat' dir='ltr'>sed</span> <span class='ocrx_word' id='word_1_226' title='bbox 629 3473 780 3538; x_wconf 88' lang='lat' dir='ltr'>pompam</span> <span class='ocrx_word' id='word_1_227' title='bbox 795 3453 914 3537; x_wconf 89' lang='lat' dir='ltr'>pictam</span> <span class='ocrx_word' id='word_1_228' title='bbox 930 3473 1002 3519; x_wconf 92' lang='lat' dir='ltr'>esse</span> <span class='ocrx_word' id='word_1_229' title='bbox 1018 3455 1211 3538; x_wconf 88' lang='lat' dir='ltr'>nuptialem,</span> <span class='ocrx_word' id='word_1_230' title='bbox 1231 3455 1264 3518; x_wconf 92' lang='lat' dir='ltr'>in</span> <span class='ocrx_word' id='word_1_231' title='bbox 1280 3476 1344 3538; x_wconf 93' lang='lat' dir='ltr'>qua</span> 
     </span>
     <span class='ocr_line' id='line_1_30' title="bbox 209 3557 1344 3644; baseline 0 -21"><span class='ocrx_word' id='word_1_232' title='bbox 209 3565 308 3642; x_wconf 89' lang='lat' dir='ltr'>nupta</span> <span class='ocrx_word' id='word_1_233' title='bbox 329 3563 568 3642; x_wconf 90' lang='lat' dir='ltr'>promoveretur</span> <span class='ocrx_word' id='word_1_234' title='bbox 583 3578 602 3621; x_wconf 89' lang='lat' dir='ltr'>a</span> <span class='ocrx_word' id='word_1_235' title='bbox 618 3557 739 3623; x_wconf 87' lang='lat' dir='ltr'>femina</span> <span class='ocrx_word' id='word_1_236' title='bbox 754 3564 923 3644; x_wconf 84' lang='lat' dir='ltr'>sequente,</span> <span class='ocrx_word' id='word_1_237' title='bbox 944 3577 1026 3639; x_wconf 87' lang='lat' dir='ltr'>quac</span> <span class='ocrx_word' id='word_1_238' title='bbox 1042 3557 1187 3636; x_wconf 84' lang='lat' dir='ltr'>dextram</span> <span class='ocrx_word' id='word_1_239' title='bbox 1210 3565 1344 3642; x_wconf 89' lang='lat' dir='ltr'>poneret</span> 
     </span>
     <span class='ocr_line' id='line_1_31' title="bbox 208 3660 1343 3742; baseline 0 -16"><span class='ocrx_word' id='word_1_240' title='bbox 208 3661 242 3726; x_wconf 96' lang='lat' dir='ltr'>in</span> <span class='ocrx_word' id='word_1_241' title='bbox 258 3682 366 3727; x_wconf 91' lang='lat' dir='ltr'>umero</span> <span class='ocrx_word' id='word_1_242' title='bbox 391 3662 475 3742; x_wconf 89' lang='lat' dir='ltr'>eius,</span> <span class='ocrx_word' id='word_1_243' title='bbox 495 3660 688 3726; x_wconf 88' lang='lat' dir='ltr'>salutaretur</span> <span class='ocrx_word' id='word_1_244' title='bbox 704 3681 724 3724; x_wconf 94' lang='lat' dir='ltr'>a</span> <span class='ocrx_word' id='word_1_245' title='bbox 739 3660 858 3725; x_wconf 83' lang='lat' dir='ltr'>lamina</span> <span class='ocrx_word' id='word_1_246' title='bbox 873 3661 947 3741; x_wconf 88' lang='lat' dir='ltr'>illa,</span> <span class='ocrx_word' id='word_1_247' title='bbox 968 3681 1049 3742; x_wconf 86' lang='lat' dir='ltr'>quae</span> <span class='ocrx_word' id='word_1_248' title='bbox 1065 3667 1139 3726; x_wconf 91' lang='lat' dir='ltr'>ante</span> <span class='ocrx_word' id='word_1_249' title='bbox 1154 3682 1225 3728; x_wconf 91' lang='lat' dir='ltr'>eam</span> <span class='ocrx_word' id='word_1_250' title='bbox 1245 3669 1343 3728; x_wconf 89' lang='lat' dir='ltr'>staret</span> 
     </span>
     <span class='ocr_line' id='line_1_32' title="bbox 208 3765 1342 3848; baseline 0.002 -18"><span class='ocrx_word' id='word_1_251' title='bbox 208 3767 327 3830; x_wconf 91' lang='lat' dir='ltr'>malum</span> <span class='ocrx_word' id='word_1_252' title='bbox 349 3765 523 3846; x_wconf 88' lang='lat' dir='ltr'>floremque</span> <span class='ocrx_word' id='word_1_253' title='bbox 545 3771 674 3843; x_wconf 86' lang='lat' dir='ltr'>tenens,</span> <span class='ocrx_word' id='word_1_254' title='bbox 702 3770 925 3848; x_wconf 86' lang='lat' dir='ltr'>expectaretur</span> <span class='ocrx_word' id='word_1_255' title='bbox 940 3765 980 3830; x_wconf 91' lang='lat' dir='ltr'>ab</span> <span class='ocrx_word' id='word_1_256' title='bbox 996 3765 1123 3847; x_wconf 87' lang='lat' dir='ltr'>iuvene,</span> <span class='ocrx_word' id='word_1_257' title='bbox 1150 3766 1205 3848; x_wconf 94' lang='lat' dir='ltr'>qui</span> <span class='ocrx_word' id='word_1_258' title='bbox 1226 3767 1342 3832; x_wconf 88' lang='lat' dir='ltr'>baculo</span> 
     </span>
     <span class='ocr_line' id='line_1_33' title="bbox 207 3867 1341 3952; baseline 0.001 -17"><span class='ocrx_word' id='word_1_259' title='bbox 207 3870 369 3935; x_wconf 88' lang='lat' dir='ltr'>niteretur.</span> <span class='ocrx_word' id='word_1_260' title='bbox 417 3869 560 3952; x_wconf 89' lang='lat' dir='ltr'>Nuptam</span> <span class='ocrx_word' id='word_1_261' title='bbox 588 3873 753 3952; x_wconf 90' lang='lat' dir='ltr'>praeterea</span> <span class='ocrx_word' id='word_1_262' title='bbox 790 3867 927 3934; x_wconf 87' lang='lat' dir='ltr'>indicari</span> <span class='ocrx_word' id='word_1_263' title='bbox 957 3875 989 3934; x_wconf 87' lang='lat' dir='ltr'>et</span> <span class='ocrx_word' id='word_1_264' title='bbox 1014 3869 1195 3934; x_wconf 85' lang='lat' dir='ltr'>velamento</span> <span class='ocrx_word' id='word_1_265' title='bbox 1226 3876 1258 3935; x_wconf 88' lang='lat' dir='ltr'>et</span> <span class='ocrx_word' id='word_1_266' title='bbox 1287 3891 1341 3936; x_wconf 94' lang='lat' dir='ltr'>co-</span> 
     </span>
     <span class='ocr_line' id='line_1_34' title="bbox 207 3970 1341 4057; baseline 0 -18"><span class='ocrx_word' id='word_1_267' title='bbox 207 3993 286 4039; x_wconf 89' lang='lat' dir='ltr'>rona</span> <span class='ocrx_word' id='word_1_268' title='bbox 313 3973 355 4057; x_wconf 85' lang='lat' dir='ltr'>(l)</span> <span class='ocrx_word' id='word_1_269' title='bbox 392 3979 423 4037; x_wconf 86' lang='lat' dir='ltr'>et</span> <span class='ocrx_word' id='word_1_270' title='bbox 445 3992 482 4038; x_wconf 89' lang='lat' dir='ltr'>eo</span> <span class='ocrx_word' id='word_1_271' title='bbox 505 3971 590 4056; x_wconf 93' lang='lat' dir='ltr'>quod</span> <span class='ocrx_word' id='word_1_272' title='bbox 613 3970 742 4036; x_wconf 89' lang='lat' dir='ltr'>sinistra</span> <span class='ocrx_word' id='word_1_273' title='bbox 764 3991 862 4036; x_wconf 92' lang='lat' dir='ltr'>manu</span> <span class='ocrx_word' id='word_1_274' title='bbox 884 3978 1007 4038; x_wconf 90' lang='lat' dir='ltr'>vestem</span> <span class='ocrx_word' id='word_1_275' title='bbox 1030 3979 1174 4057; x_wconf 89' lang='lat' dir='ltr'>caperet,</span> <span class='ocrx_word' id='word_1_276' title='bbox 1201 3973 1235 4038; x_wconf 92' lang='lat' dir='ltr'>id</span> <span class='ocrx_word' id='word_1_277' title='bbox 1256 3975 1341 4056; x_wconf 91' lang='lat' dir='ltr'>quod</span> 
     </span>
    </p>
   </div>
   <div class='ocr_carea' id='block_1_5' title="bbox 192 4158 1341 4398">
    <p class='ocr_par' dir='ltr' id='par_1_9' title="bbox 192 4158 1341 4398">
     <span class='ocr_line' id='line_1_35' title="bbox 276 4158 1341 4231; baseline 0.001 -15"><span class='ocrx_word' id='word_1_278' title='bbox 276 4162 301 4229; x_wconf 75' lang='lat' dir='ltr'>*l</span> <span class='ocrx_word' id='word_1_279' title='bbox 322 4163 397 4216; x_wconf 89' lang='lat' dir='ltr'>Mon.</span> <span class='ocrx_word' id='word_1_280' title='bbox 418 4161 483 4216; x_wconf 90' lang='lat' dir='ltr'>dell’</span> <span class='ocrx_word' id='word_1_281' title='bbox 492 4162 555 4214; x_wconf 88' lang='lat' dir='ltr'>inst.</span> <span class='ocrx_word' id='word_1_282' title='bbox 572 4160 654 4225; x_wconf 90' lang='lat' dir='ltr'>VIII,</span> <span class='ocrx_word' id='word_1_283' title='bbox 671 4162 718 4223; x_wconf 87' lang='lat'>35;</span> <span class='ocrx_word' id='word_1_284' title='bbox 739 4158 842 4214; x_wconf 86' lang='lat' dir='ltr'>Annali</span> <span class='ocrx_word' id='word_1_285' title='bbox 863 4162 938 4226; x_wconf 87' lang='grc'><strong>1866,</strong></span> <span class='ocrx_word' id='word_1_286' title='bbox 958 4163 1008 4213; x_wconf 85' lang='grc'>450</span> <span class='ocrx_word' id='word_1_287' title='bbox 1022 4177 1081 4230; x_wconf 87' lang='lat' dir='ltr'>sq,</span> <span class='ocrx_word' id='word_1_288' title='bbox 1101 4161 1150 4216; x_wconf 90' lang='lat' dir='ltr'>ubi</span> <span class='ocrx_word' id='word_1_289' title='bbox 1169 4177 1239 4231; x_wconf 82' lang='lat' dir='ltr'>quse</span> <span class='ocrx_word' id='word_1_290' title='bbox 1258 4178 1341 4217; x_wconf 89' lang='lat' dir='ltr'>exre</span> 
     </span>
     <span class='ocr_line' id='line_1_36' title="bbox 192 4246 1338 4318; baseline -0.005 -12"><span class='ocrx_word' id='word_1_291' title='bbox 192 4255 271 4306; x_wconf 88' lang='lat' dir='ltr'>-sunt</span> <span class='ocrx_word' id='word_1_292' title='bbox 289 4254 423 4318; x_wconf 87' lang='lat' dir='ltr'>congesta</span> <span class='ocrx_word' id='word_1_293' title='bbox 441 4248 578 4311; x_wconf 86' lang='lat' dir='ltr'>iuvenies;</span> <span class='ocrx_word' id='word_1_294' title='bbox 600 4246 723 4312; x_wconf 87' lang='lat' dir='ltr'>tabulae,</span> <span class='ocrx_word' id='word_1_295' title='bbox 739 4263 821 4316; x_wconf 91' lang='lat' dir='ltr'>quam</span> <span class='ocrx_word' id='word_1_296' title='bbox 833 4247 936 4312; x_wconf 87' lang='lat' dir='ltr'>adieci,</span> <span class='ocrx_word' id='word_1_297' title='bbox 958 4246 1003 4314; x_wconf 87' lang='lat' dir='ltr'>fig.</span> <span class='ocrx_word' id='word_1_298' title='bbox 1019 4249 1030 4298; x_wconf 91' lang='lat' dir='ltr'>l</span> <span class='ocrx_word' id='word_1_299' title='bbox 1048 4271 1079 4292; x_wconf 94' lang='lat'><strong><em>=</em></strong></span> <span class='ocrx_word' id='word_1_300' title='bbox 1093 4247 1251 4313; x_wconf 87' lang='lat' dir='ltr'>Overbcck‚</span> <span class='ocrx_word' id='word_1_301' title='bbox 1267 4247 1338 4302; x_wconf 82' lang='lat' dir='ltr'>Gall.</span> 
     </span>
     <span class='ocr_line' id='line_1_37' title="bbox 207 4335 488 4398; baseline -0.021 -7"><span class='ocrx_word' id='word_1_302' title='bbox 207 4338 265 4392; x_wconf 87' lang='lat' dir='ltr'>her.</span> <span class='ocrx_word' id='word_1_303' title='bbox 280 4337 312 4390; x_wconf 94' lang='lat' dir='ltr'>B.</span> <span class='ocrx_word' id='word_1_304' title='bbox 334 4337 392 4392; x_wconf 88' lang='lat' dir='ltr'>tab.</span> <span class='ocrx_word' id='word_1_305' title='bbox 407 4335 447 4398; x_wconf 91' lang='lat' dir='ltr'>X,</span> <span class='ocrx_word' id='word_1_306' title='bbox 463 4337 488 4385; x_wconf 82' lang='lat' dir='ltr'>u.</span> 
     </span>
    </p>
   </div>
   <div class='ocr_carea' id='block_1_6' title="bbox 0 0 1630 5130">
    <p class='ocr_par' dir='ltr' id='par_1_10' title="bbox 0 0 1630 5130">
     <span class='ocr_line' id='line_1_38' title="bbox 0 0 1630 5130; baseline 0 1"><span class='ocrx_word' id='word_1_307' title='bbox 0 0 1630 5130; x_wconf 95' lang='lat' dir='ltr'> </span> 
     </span>
    </p>
   </div>
  </div>
 </body>
</html>
