3250 5130
767 472 979 535 -34—

395 660 550 726 Nummos
562 659 646 725 enim
659 681 730 724 enm
742 661 934 744 respexeris,
949 660 1087 725 mediam
1100 657 1271 724 interduos
1284 657 1442 738 homines,

308 764 362 848 qui
378 763 510 830 donnas
524 764 670 847 iungunt,
685 763 820 846 figuram
835 783 898 828 nou
914 763 1004 846 prius
1018 763 1164 828 invenies
1179 783 1275 844 qnam
1285 763 1444 827 Hadriani

307 867 514 952 temporibus.
541 865 642 944 Quem
659 867 744 932 enim
764 865 991 950 Stephanius',
1013 865 1124 931 laudat
1139 886 1313 944 nummum,
1330 867 1364 930 in
1380 886 1443 948 quo

307 971 527 1056 Vespasianus
550 977 583 1036 et
597 970 690 1035 Titus
712 969 843 1034 dextras
861 970 997 1052 iungant
1017 969 1125 1034 media
1140 969 1289 1036 adstante
1305 969 1439 1050 Pietate,

307 1095 378 1142 eum
394 1073 479 1160 apud
495 1074 758 1157 Haverkampum
775 1079 807 1138 et
822 1073 1002 1138 Marcilium
1019 1074 1105 1139 solos
1122 1082 1224 1156 extet,
1250 1074 1370 1138 nullius
1393 1079 1444 1137 est

307 1177 469 1244 momenti.
506 1176 690 1242 Hadrianus
712 1175 811 1258 igitur
833 1183 865 1240 et
886 1177 999 1242 Aelius
1021 1178 1054 1241 in
1077 1199 1216 1258 nummo,
1243 1198 1337 1261 quem
1360 1177 1438 1256 dixi,

305 1281 432 1348 adversi
449 1287 544 1361 stant,
564 1300 634 1346 oum
651 1279 758 1344 media
778 1279 898 1345 femina
912 1280 1051 1362 recedat,
1070 1301 1153 1363 quae
1169 1280 1348 1348 Concordia
1369 1301 1440 1344 cum

305 1405 404 1451 eausa
419 1384 610 1466 nominatur,
629 1383 706 1466 quia
721 1391 753 1448 et
768 1383 964 1449 Concordiae
983 1383 1077 1449 datus
1093 1391 1142 1448 est
1162 1403 1311 1449 nummus
1333 1392 1366 1449 et
1393 1383 1441 1464 (id
1502 1382 1506 1388 '
1543 1458 1547 1464 1

305 1489 391 1573 quod
414 1509 572 1554 summum
595 1489 658 1568 est)
685 1485 748 1552 duo
771 1487 853 1550 viri
875 1487 1172 1569 dextrasiungunt.

391 1593 516 1658 Primus
543 1597 649 1656 autem
678 1591 733 1672 qni
755 1590 797 1654 ad
820 1591 949 1674 nuptias
979 1591 1166 1656 referendus
1188 1597 1238 1656 est
1264 1591 1440 1656 eiusmodi

305 1715 468 1778 nummus,
495 1695 537 1759 M.
555 1693 687 1759 Aurelio
709 1693 900 1778 imperatore
924 1713 1096 1778 percussus
1119 1699 1229 1778 est*'').
1265 1695 1331 1759 Hie
1353 1696 1440 1759 Fau-

305 1800 390 1866 stina
413 1806 445 1864 ct
464 1797 507 1862 M.
522 1797 672 1864 Aurelius
687 1797 819 1862 dextms
840 1797 987 1880 iungunt,
1005 1817 1077 1862 oum
1093 1798 1171 1861 Iuno
1193 1798 1276 1862 inter
1298 1817 1354 1863 eos
1376 1803 1441 1861 stat

306 1903 420 1969 dextro
443 1909 587 1986 porrecto
610 1899 740 1966 brachio
766 1901 916 1965 feminam
940 1900 1007 1965 viro
1035 1900 1191 1965 traditura
1218 1901 1269 1983 (cf.
1295 1901 1440 1984 quaeda

305 2008 365 2074 hae
389 2007 510 2072 lunone
533 2025 630 2090 supra
657 2003 749 2089 dixi);
775 2004 849 2088 ipsa
870 2011 977 2070 tamen
998 2024 1062 2069 nou
1086 2003 1127 2068 ad
1150 2024 1264 2068 novam
1294 2012 1434 2089 nuptam,

304 2109 362 2176 sed
386 2109 428 2174 ad
451 2107 552 2176 virum
575 2107 718 2173 vertitur.

389 2213 504 2294 Neque
519 2212 605 2276 ullus
628 2211 848 2294 sarcophagus
863 2209 1017 2294 nuptialis
1040 2209 1122 2275 hanc
1138 2209 1266 2275 excedit
1287 2217 1435 2292 aetatem,

304 2315 365 2394 qui
382 2313 525 2401 proxime
541 2313 666 2380 accedit
680 2313 722 2378 ad
737 2312 797 2378 hoe
812 2320 939 2397 tempus
956 2312 1173 2397 sarcophagus
1184 2315 1439 2398 Patropolitanus

308 2421 353 2504 (ut
380 2417 464 2484 enim
495 2415 700 2500 Kieseritaky
728 2416 959 2500 benignissime
993 2435 1117 2481 meeum
1146 2417 1390 2482 communicavit
1419 2438 1439 2480 a

303 2522 433 2588 Duhnio
447 2527 589 2604 rogatus,
606 2520 731 2585 circiter
745 2541 828 2586 anno
847 2524 906 2584 170
923 2521 1043 2586 factum
1066 2541 1139 2586 eum
1162 2541 1234 2586 esse
1249 2521 1343 2586 certis
1364 2541 1439 2605 pro-

302 2627 395 2693 batur
410 2624 543 2710 causis).
563 2625 716 2690 Iunonem
733 2624 844 2689 eodem
861 2623 928 2689 fere
944 2623 1037 2688 modo
1052 2625 1210 2707 sculptam
1225 2625 1358 2709 praebet
1377 2645 1439 2707 quo

301 2749 466 2811 nummus,
494 2749 565 2794 eum
589 2728 807 2812 sarcophagus
823 2725 998 2792 Vaticanus
1018 2727 1213 2811 (Beioedere)
1235 2749 1287 2793 me
1310 2728 1438 2809 quidem

300 2832 408 2898 iudice
430 2831 539 2913 frater,
559 2838 594 2896 ut
615 2831 662 2896 ita
684 2830 799 2912 dicam,
819 2831 918 2895 multo
941 2829 1044 2895 minor
1062 2836 1150 2912 natu,
1170 2829 1264 2895 deam
1288 2829 1439 2895 exhibeat

302 2955 417 3001 manus
438 2935 471 3000 iu
494 2933 613 3000 umeris
632 2940 815 3018 ponentem.
849 2932 951 3010 Quam
975 2933 1118 3014 formam,
1145 2934 1173 2998 si
1196 2933 1325 3015 quidem
1347 2954 1439 2997 num-

301 3059 370 3106 mos
393 3038 549 3123 sequaris,
575 3037 638 3102 iarn
662 3036 738 3102 inde
760 3037 960 3104 aOommodi
983 3038 1179 3122 temporibus
1201 3037 1235 3101 in
1257 3056 1316 3101 usu
1339 3037 1438 3102 fuisse

302 3163 364 3208 non
388 3143 457 3208 sine
481 3161 580 3208 eausa
602 3140 861 3223 contentarum).

388 3243 513 3323 Quibus
534 3244 630 3310 rebus
660 3243 739 3310 satis
763 3262 922 3328 superque
949 3243 1121 3328 disputatis
1150 3244 1214 3308 iam
1243 3244 1285 3309 ad
1315 3251 1436 3310 ceteros

300 3358 504 3416 transeamus
527 3367 665 3433 pompae
687 3348 775 3412 illins
800 3348 966 3414 Statianae
990 3347 1077 3414 deos.
1125 3349 1229 3431 Atque
1252 3348 1293 3413 de
1315 3349 1437 3432 Hyme-

301 3473 383 3520 naeo
405 3451 534 3535 quidem
558 3459 590 3517 et
611 3451 744 3530 Amore,
771 3470 903 3534 quorum
933 3451 1125 3535 saepissime
1148 3451 1245 3514 Amor
1273 3451 1329 3516 ille
1359 3471 1439 3535 puer

302 3556 480 3640 Hymenaei
504 3556 572 3620 loeo
596 3575 665 3620 eum
691 3554 761 3620 sace
784 3553 826 3619 ad
849 3553 950 3638 pedes
972 3555 1154 3621 maritorum
1179 3561 1252 3636 stat,
1285 3553 1363 3618 nihil
1387 3553 1437 3618 di-

302 3679 382 3740 oam,
409 3657 485 3742 quia
508 3659 588 3724 haee
610 3657 717 3723 onmia
739 3658 773 3722 in
796 3659 964 3742 propatulo
987 3666 1071 3723 sunt.
1117 3658 1180 3723 Sed
1205 3657 1327 3738 Gratia,
1354 3678 1436 3740 quae

301 3762 430 3846 quidem
453 3760 540 3846 apud
564 3761 700 3828 Statium
723 3780 786 3825 non
810 3767 927 3842 cessat,

302 3895 391 3902 nan-n·—
408 3893 613 3901 -—.——0-.·-·

370 3969 394 4031 Ι)
416 3967 433 4020 Ι.
446 3981 469 4020 e.
493 3968 550 4031 106,
570 3967 665 4020 adnot.
681 3969 705 4020 ὃ.

353 4055 395 4120 *ΙΙ
417 4051 526 4116 Ceben,
547 4052 636 4106 deser.
651 4050 716 4104 hist.
732 4051 767 4104 de
785 4066 877 4104 monn.
898 4049 940 4115 ΙΙ,
956 4049 1018 4115 XV,
1040 4053 1089 4102 tib
1109 4073 1140 4096 =
1160 4050 1205 4120 tig.
1219 4054 1243 4104 8.
1279 4047 1433 4114 Rossbach,

301 4139 381 4193 ltbm.
396 4136 569 4193 Ehedenkm.
589 4139 630 4200 m,
646 4139 671 4190 2.

335 4227 394 4290 sau)
415 4222 449 4278 oi.
460 4223 639 4278 Commodum
650 4223 842 4292 etOrispinam
852 4223 981 4276 alunone
992 4223 1114 4278 iunctos:
1127 4224 1232 4288 Ochae,
1241 4223 1292 4287 ΙΙΙ,
1307 4223 1343 4290 pl.
1356 4221 1404 4288 IV,
1419 4225 1434 4274 2

302 4335 332 4358 =
358 4311 510 4374 Proelium,
530 4307 697 4364 Medaillons
721 4327 749 4379 p.
766 4311 828 4376 147,
859 4308 1042 4376 Elugabainm
1068 4316 1097 4362 et
1119 4309 1262 4379 Aquiliam
1288 4307 1431 4364 Severum:

301 4397 396 4452 Ooben
416 4396 457 4450 ΙΙΙ
476 4397 513 4466 pi.
529 4394 608 4456 XVI,
624 4399 648 4448 t.
