3250 5130
662 447 877 505 ..45-

288 630 388 694 Multo
411 629 541 696 brevius
565 629 605 694 de
627 630 763 695 testibus
779 630 895 694 dicam.
936 629 1064 694 Adsunt
1084 631 1118 694 in
1141 631 1340 716 sarcophago

200 733 340 815 quodam
370 733 585 817 Neapolitano
614 733 734 798 inedito
764 740 834 798 octo
863 733 942 814 viri,
975 753 1108 814 quorum
1139 735 1202 799 duo
1230 740 1341 800 tenent

200 837 364 902 volumina
386 837 554 920 nuptialia,
575 857 647 901 cum
663 836 761 901 ceteri
783 837 1000 902 circumstant.
1040 838 1107 902 Hos
1122 843 1223 903 testes
1245 846 1334 922 puta,

201 941 256 1022 qui
272 941 312 1006 de
328 940 447 1005 tabulis
469 940 535 1004 illis
558 939 725 1023 disputant
743 947 856 1024 postea
878 961 934 1007 eas
958 940 1175 1022 obsignatum,
1195 941 1236 1004 cf.
1255 961 1339 1022 quae

201 1044 243 1108 de
265 1043 326 1108 hac
344 1043 485 1126 imagine
500 1042 585 1107 infra
606 1043 775 1108 adnotabo.
809 1044 847 1107 In
870 1045 1054 1108 universum
1077 1044 1191 1108 similis
1214 1046 1339 1129 sculpta

200 1153 250 1211 est
275 1146 468 1211 caerimonia
499 1146 531 1209 in
555 1146 767 1230 sarcophago,
802 1166 897 1226 quem
920 1146 1071 1211 Torlonia
1093 1146 1246 1229 possidet.
1288 1147 1338 1211 De

200 1249 336 1332 singulis
366 1250 461 1314 rebus
491 1269 530 1312 ex
557 1248 787 1332 descriptione,
821 1269 918 1330 quam
945 1249 1031 1312 infra
1059 1249 1195 1330 addam,
1229 1270 1333 1332 nemo,

199 1359 291 1436 puto,
317 1352 420 1417 multa
441 1352 583 1434 colligat.

286 1457 335 1520 Ex
357 1455 419 1537 his,
446 1475 528 1538 quae
552 1454 656 1537 attuli,
682 1454 742 1520 hoc
765 1455 844 1518 mihi
866 1454 993 1520 videtur
1018 1475 1192 1539 apparere:
1219 1457 1336 1521 Roma-

199 1579 311 1624 norum
333 1566 444 1644 poetas
468 1565 500 1624 et
522 1558 661 1623 artifices
685 1559 877 1624 recentiores
901 1579 973 1623 oum
995 1558 1039 1624 ad
1069 1560 1196 1643 nuptias
1219 1580 1336 1624 ornan-

199 1662 258 1726 das
281 1662 449 1727 aGraeois
472 1668 619 1746 peterent
640 1662 808 1742 auxilium,
835 1668 867 1727 et
888 1663 1019 1746 ingenio
1042 1662 1197 1744 caruisse,
1224 1669 1260 1727 ut
1281 1663 1336 1745 qui

198 1763 329 1830 floribus
367 1765 507 1847 undique
544 1764 705 1848 decerptis
742 1766 824 1830 bene
858 1765 904 1830 uti
941 1785 1003 1829 non
1033 1772 1181 1848 possent,
1218 1772 1251 1830 ct
1285 1767 1337 1830 iu-

198 1868 292 1952 dicio,
319 1869 430 1951 utqui
452 1889 515 1933 non
537 1868 715 1952 simplicem
745 1874 955 1951 sequerentur·
977 1869 1106 1933 dicendi
1134 1875 1167 1933 et
1191 1868 1336 1952 fingendi

199 1993 327 2052 morem,
349 1972 408 2036 sed
430 1978 606 2036 contortum
629 1977 662 2036 et
683 1971 900 2036 artificiosum.
934 1971 1169 2036 Nihilominus
1191 1972 1225 2035 in
1247 1971 1335 2036 hisce

199 2075 395 2160 pauperrimi
417 2075 538 2157 ingenii
561 2074 711 2156 operibus
730 2093 802 2137 cum
824 2073 932 2156 aliquo
948 2072 1052 2138 fructu
1075 2080 1108 2138 et
1121 2073 1239 2156 gaudio
1263 2095 1335 2138 vcr-

199 2180 322 2245 sabitur
343 2179 382 2260 is,
408 2178 463 2261 qui
480 2177 620 2243 Graecos
642 2177 720 2242 deos
743 2176 817 2262 ῥεῑα
841 2174 991 2254 ζόωντας
1012 2197 1033 2240 a
1048 2177 1260 2241 Romanomm
1283 2196 1335 2241 se·
1426 2229 1432 2256 ,

199 2283 301 2347 cernit
329 2282 421 2364 gravi
443 2287 476 2346 et
502 2281 611 2346 ieiuno
640 2287 798 2365 apparatu
829 2287 861 2345 et
889 2279 1091 2344 sacrificandi
1120 2285 1153 2344 et
1179 2280 1330 2362 testandi,

75 2442 94 2462 ,
199 2407 262 2468 quo
283 2386 376 2450 inviti
397 2391 557 2462 tenentur,
575 2392 672 2468 atque
694 2384 738 2448 ad
753 2384 895 2448 Graecas
918 2383 1087 2449 comitatur
1101 2383 1241 2466 nuptias.
1269 2383 1335 2448 Sed

197 2489 336 2554 artifices
357 2488 504 2572 inprimis
527 2494 680 2569 sequatur
701 2505 835 2552 necesse
857 2493 916 2568 est,
936 2507 999 2551 non
1022 2492 1147 2569 poetas.
1187 2487 1334 2568 Namque

198 2592 253 2674 qui
291 2600 364 2676 post
401 2591 553 2672 Statium,
595 2590 825 2674 Claudianum,
863 2591 1030 2656 Sidonium
1064 2589 1196 2674 Sappho
1233 2591 1331 2673 leget,

198 2695 420 2778 Theocritum,
451 2695 629 2776 Catullum,
668 2695 701 2758 in
738 2695 860 2778 nuptiis
894 2694 1097 2761 celebrandis
1130 2695 1189 2759 hos
1221 2701 1334 2779 poetas

198 2818 309 2864 omnes
331 2799 377 2862 nil
400 2797 490 2862 alind
520 2798 639 2862 habere
662 2797 817 2879 inveniet,
849 2797 935 2879 quod
958 2797 1094 2861 conferri
1124 2797 1239 2881 possit,
1272 2797 1334 2862 nisi

199 2921 282 2983 quae
310 2901 344 2965 in
366 2901 455 2965 nullo
484 2900 612 2964 omnino
642 2900 781 2964 carmine
810 2900 948 2983 nuptiali
977 2906 1124 2984 poterant
1153 2901 1268 2966 deesse
1291 2939 1334 2949 —-

198 3005 269 3069 dico
292 3004 406 3069 laudes
430 3004 540 3088 sponsi
562 3023 766 3088 sponsaeque
788 3011 821 3068 et
842 3003 918 3068 illas
940 3002 983 3068 ad
1005 3003 1084 3068 deos
1104 3004 1317 3087 precationes.

284 3107 396 3171 Artis
419 3127 495 3171 vero
510 3107 655 3172 Graecae
671 3107 855 3189 praeclaras
870 3106 1041 3188 variasque
1057 3106 1175 3170 formas
1191 3107 1224 3172 in
1243 3107 1333 3173 hisce

197 3211 380 3296 nuptiarum
403 3209 599 3292 imaginibus
618 3209 769 3274 Romanis
792 3208 888 3274 valde
910 3209 1070 3274 interdum
1092 3210 1230 3275 latentes
1253 3231 1333 3275 enu—

198 3316 302 3380 cleare
325 3321 357 3380 ct
378 3333 479 3397 usque
494 3314 537 3378 ad
552 3314 709 3393 ultimam,
728 3332 825 3394 quam
839 3317 955 3396 potest,
974 3311 1126 3395 persequi
1140 3319 1333 3377 vetustatem

197 3419 287 3483 iuvat
308 3425 404 3500 atque
427 3418 567 3502 prodest.
608 3418 651 3482 Ut
672 3416 757 3481 enim
779 3415 921 3480 Kekulei
943 3414 1050 3478 verbis
1080 3421 1164 3478 utar:
1197 3417 1242 3478 Ob
1266 3416 1333 3478 elue

198 3503 369 3585 scheiobar
391 3520 536 3606 eirffucbe
565 3521 632 3582 aad
660 3517 754 3581 leicbt
785 3517 1014 3581 ocrstdudla'elre
1040 3520 1138 3581 Scene
1171 3527 1245 3600 spiit
1269 3521 1336 3581 aad

188 3624 265 3708 srei
283 3623 482 3709 peschoffco,
509 3623 584 3685 oder
606 3624 643 3685 ob
665 3622 710 3683 rie
736 3644 794 3684 coa
816 3621 911 3684 altem
940 3619 1203 3703 mythologischca
1224 3623 1333 3685 Besitz

199 3727 402 3812 herubpcerbt
423 3727 470 3790 sei
495 3729 562 3789 aad
588 3727 645 3789 wie
667 3725 738 3789 weit
768 3726 883 3787 beroart
913 3726 988 3786 oder
1010 3724 1170 3787 autemut
1199 3726 1256 3788 der
1277 3747 1333 3787 ur·
1428 3777 1430 3782 .

199 3832 263 3894 alte
285 3831 365 3895 Sina
393 3830 487 3893 daria
516 3830 595 3892 noch
624 3829 763 3912 mdchlc'p
784 3829 843 3909 sei,
869 3828 912 3891 ist
941 3828 1008 3891 eine
1034 3836 1109 3890 aleta
1134 3828 1196 3890 wol
1217 3830 1333 3913 arefact-

199 3936 357 4020 werfeadc
379 3935 485 4016 Plape
513 3933 663 4016 (Tanagr.
689 3934 897 3996 Terraootten
919 3954 952 4016 p.
972 3933 1036 4012 17).

284 4037 351 4102 Sub
373 4037 469 4101 finem
492 4036 587 4100 totius
611 4035 904 4120 disputatiunculae
926 4033 1160 4118 sarcophagum
1178 4033 1333 4118 Neapoli-

197 4149 308 4206 tanum
322 4140 489 4222 ineditum,
503 4137 606 4221 quiin
621 4159 730 4204 museo
745 4138 873 4222 publico
889 4138 948 4203 sub
961 4139 1022 4202 No.
1034 4141 1117 4202 6603
1130 4137 1329 4214 adservatur,

198 4246 310 4328 paucis
340 4245 430 4310 iuvat
457 4243 639 4309 describere
668 4243 787 4308 verbis.
834 4243 916 4306 Tota
944 4242 1052 4324 imago
1079 4241 1113 4306 in
1141 4241 1223 4307 duas
1251 4242 1334 4306 diri-

199 4347 284 4417 ditur
311 4355 431 4434 partes.
486 4348 523 4411 ln
552 4347 681 4412 sinistra
710 4353 780 4411 octo
813 4352 899 4409 stant
926 4345 986 4410 viri
1019 4345 1120 4427 togati
1148 4353 1180 4410 et
1207 4346 1334 4412 barbati
