3250 5130
753 371 967 430 ...1ss-

294 553 464 636 quodiam
489 553 648 617 Domitius
670 559 756 618 recte
779 553 926 632 restituit,
954 554 1005 618 hio
1029 560 1078 618 est
1106 553 1318 638 aptissimum,
1345 551 1430 634 quod

293 655 390 720 etiam
417 655 570 740 proximis
600 656 746 720 versibus
777 657 817 721 de
848 658 942 721 rebus
979 658 1127 741 pretiosis
1162 657 1281 722 dietum
1311 662 1361 721 est
1390 675 1430 720 ex

293 759 388 824 cortis
411 759 595 841 regionibus
618 759 727 843 petitis
743 766 774 825 et
789 759 886 824 Indos
909 761 1024 826 baccas
1040 781 1159 844 magua
1180 760 1325 826 floruisse
1342 759 1428 824 cele-

291 863 406 927 britate
437 868 555 926 notum.
608 863 679 940 Qua
708 883 746 926 ex
778 883 812 927 re
843 870 978 947 apparet
1006 863 1216 946 Grasbergeri
1246 863 1428 928 coniectura

293 969 409 1030 blanda
442 969 489 1048 (v.
517 966 722 1031 l'lcokeiscni
754 987 828 1031 ann.
855 967 952 1050 CXV,
980 970 1057 1050 420)
1086 988 1143 1034 nos
1171 967 1301 1051 quidem
1332 985 1426 1050 posse

292 1071 510 1154 supersedere.

176 1178 179 1185 ’
226 1185 273 1244 ¹30
378 1193 417 1256 V.
440 1193 510 1255 136.
558 1191 747 1256 Rectissime
778 1192 904 1273 quaerit
931 1189 1155 1256 Marklandus:
1198 1190 1325 1268 »Quare
1354 1211 1426 1252 cero

200 1333 203 1341 ι
292 1319 379 1377 euro,
414 1315 485 1359 oum
509 1295 649 1360 falsus
680 1295 721 1359 sit
750 1296 882 1360 aethrae
904 1301 1043 1360 reotorto
1089 1294 1147 1359 Cui
1169 1293 1334 1378 respondit
1356 1293 1427 1356 lan-

291 1399 388 1482 guide
418 1398 582 1482 Handius‚
621 1418 690 1462 oum
727 1399 768 1462 ab
798 1399 872 1463 aliis
905 1398 1008 1484 poetis
1038 1397 1181 1482 Iuppiter
1209 1397 1243 1462 in
1278 1396 1425 1460 falsum

291 1521 402 1567 versus
432 1522 543 1566 aurum
572 1503 669 1573 (velut
698 1503 738 1566 ab
763 1501 878 1566 Ouidio
901 1503 976 1567 Met.
995 1502 1032 1576 V,
1056 1502 1105 1584 11)
1139 1501 1241 1566 dictus
1269 1500 1325 1575 sit,
1352 1499 1426 1563 Sta-

291 1607 369 1670 tium
386 1613 421 1670 ut
435 1606 520 1668 lovis
542 1605 575 1669 in
592 1605 811 1699 Violentillam
835 1623 960 1669 amores
982 1605 1088 1686 magis
1110 1605 1144 1669 iu
1167 1604 1291 1669 eaelum
1315 1601 1423 1682 ferret,

291 1709 331 1774 de
354 1730 430 1774 auro
454 1729 550 1774 vero
580 1727 651 1774 csse
674 1710 813 1776 locutum
836 1709 944 1790 itaque
969 1708 1022 1773 hic
1045 1728 1120 1772 vero
1143 1727 1220 1772 auro
1251 1703 1425 1788 significari

290 1832 399 1876 verum
423 1819 610 1876 amatorem.
659 1811 748 1890 Quae
778 1812 805 1876 si
834 1812 880 1877 ita
902 1817 1021 1893 essent,
1048 1830 1103 1874 our
1131 1830 1195 1874 non
1221 1808 1317 1874 etiam
1341 1806 1426 1871 reris

291 1915 439 1981 cornibus
476 1922 508 1980 et
540 1915 625 1980 veris
662 1915 724 1980 alis
758 1935 868 1979 verum
905 1921 1079 1979 amatorem
1115 1913 1274 1978 induisset
1309 1915 1426 2000 poetat

105 2039 107 2046 ·
194 2089 196 2098 Ι
290 2018 407 2100 lmmo⁷
433 2016 584 2084 mendum
623 2019 675 2082 hio
712 2019 813 2084 latere
850 2018 1064 2103 perspicuum.
1118 2014 1310 2080 Marklando
1347 2031 1425 2096 prae

291 2122 404 2186 ceteris
428 2123 534 2204 placet
555 2122 618 2185 olio
641 2142 698 2204 pro
721 2144 792 2185 cero
816 2123 889 2186 coll.
909 2121 1032 2186 Sidonii
1055 2141 1151 2185 carm.
1171 2119 1241 2201 XV,
1264 2121 1322 2181 177

381 2245 510 2326 Iamque
534 2265 610 2324 opas
633 2241 665 2304 e'a
689 2251 806 2304 torrem
831 2245 967 2304 Danaae
984 2241 1188 2324 plantamque
1210 2235 1332 2300 metoll'

330 2384 335 2394 ·
377 2348 461 2424 Ibat,
471 2317 518 2408 ‘et
540 2345 590 2408 he'c
613 2345 699 2408 ole'o
722 2345 864 2408 stellabat
886 2346 1033 2428 Iuppiter
1055 2366 1162 2406 aare.

355 2465 520 2530 laoohsius
544 2465 640 2530 scribi
660 2467 729 2530 vult
743 2487 826 2548 puro
849 2503 892 2512 »-
914 2487 1002 2548 aare,
1029 2465 1232 2556 Burmannus
1255 2459 1344 2546 ponit
1366 2463 1422 2542 pro

292 2570 498 2632 cercirorum
523 2571 544 2652 (l
559 2571 587 2652 t,
614 2568 670 2633 alii
693 2568 769 2632 alia.
806 2569 945 2646 Quorum
969 2566 1203 2633 audacissimos
1227 2563 1424 2628 coniecturas

290 2693 400 2756 nemo,
433 2679 523 2755 puto,
561 2671 656 2736 facile
687 2671 843 2756 probabit.
898 2671 963 2736 Sed
996 2692 1036 2736 ne
1066 2671 1263 2750 (trasberger
1296 2665 1423 2748 quidem

296 2776 508 2860 (Fleckeiseni
527 2796 601 2840 ann.
616 2775 713 2857 CXV,
734 2763 805 2858 410)
823 2795 933 2839 verum
949 2775 1039 2857 vidit,
1057 2794 1129 2840 oum
1153 2770 1280 2856 scripsit
1302 2769 1421 2834 credre.

257 2877 271 2938 ‚⁴
289 2879 380 2944 Nihil
411 2879 495 2944 enim
527 2877 617 2942 aliud
647 2883 697 2943 est
725 2879 833 2942 crebro
863 2899 960 2962 quam
989 2877 1095 2961 hdtfip
1131 2876 1283 2956 nulloque
1316 2870 1420 2950 modo,

290 2983 323 3048 id
347 2984 431 3068 quod
455 2983 653 3066 Grasberger
675 2983 833 3067 opinatur,
859 2983 973 3046 iterum
994 2983 1076 3048 illud
1099 2980 1283 3048 Burmanni.
1323 2979 1424 3062 ltqui-

290 3087 363 3152 dem
389 3107 453 3152 una
480 3086 574 3152 modo
604 3087 710 3152 littera
737 3086 848 3152 addita
876 3087 1078 3153 scribendum
1108 3088 1202 3152 duoo:
1245 3107 1350 3148 uerso:
1382 3087 1423 3146 In

289 3189 371 3255 hone
393 3213 480 3254 corso
503 3189 662 3253 cecidisset
683 3190 828 3274 Iuppiter
850 3213 945 3272 aare,
971 3191 1032 3256 hoo
1061 3197 1126 3255 ost:
1159 3188 1304 3272 Iuppiter·
1326 3195 1361 3250 ot
1389 3188 1423 3250 e'a

289 3291 370 3358 horre
400 3296 540 3374 coderet,
573 3317 593 3357 a
623 3297 738 3357 Danae
769 3294 911 3358 vertisset
939 3315 1062 3358 aarum.
1109 3292 1202 3370 Quod
1233 3292 1260 3357 si
1288 3291 1333 3356 ita
1359 3295 1418 3368 est,

288 3419 370 3484 pone
400 3405 472 3482 post
493 3405 596 3462 rector
619 3398 720 3477 colon,
752 3418 792 3462 ne
816 3398 1008 3462 cohaereant
1029 3398 1128 3464 verba
1157 3417 1228 3462 oum
1259 3397 1422 3464 enuntiato

289 3501 511 3566 condicionali.
558 3500 746 3592 Quodoum
770 3519 868 3566 causa
890 3501 958 3566 fieri
981 3501 1077 3567 etiam
1099 3500 1173 3566 inde
1197 3501 1311 3584 elucet,
1338 3503 1424 3584 quod

289 3611 321 3670 et
350 3625 421 3669 cum
450 3604 483 3669 vi
509 3605 646 3687 quadam
676 3604 830 3688 repetitur
857 3625 1031 3688 pronomen
1058 3606 1100 3689 (in
1130 3605 1242 3688 hanc)
1271 3613 1304 3672 ct
1325 3607 1423 3692 Iup-

288 3708 398 3792 piter
435 3707 622 3772 nominatim
661 3709 800 3790 effertur,
835 3728 1027 3791 quamquam
1056 3707 1217 3774 antecedit
1252 3711 1421 3774 aethrae

287 3818 426 3876 rector
454 3811 496 3893 (id
518 3811 690 3894 quodiam
714 3810 860 3876 Handius
883 3812 1083 3896 mirahatur).
1131 3811 1181 3876 Ita
1204 3812 1321 3879 scribe:

373 3932 488 3994 1101000
510 3931 601 3995 leude
620 3955 740 4014 peenas
762 3940 793 3996 et
815 3954 931 3996 corana
953 3940 1086 3996 sumeret
1108 3933 1278 3998 aethrae

373 4039 542 4110 Rectam
564 4035 598 4098 ire
620 4035 722 4098 leuno
745 4059 832 4100 verso
855 4036 1013 4100 cecidisset
1035 4037 1224 4120 Iuppiter
1246 4060 1334 4102 auro.

372 4171 451 4236 lam'
470 4173 570 4237 habes
601 4173 849 4238 enuntiationem
880 4175 992 4239 eodem
1023 4173 1189 4240 formatam
1220 4176 1324 4260 modo,
1358 4195 1421 4258 quo

287 4295 397 4360 supra:
430 4276 572 4339 Geeose'da
596 4278 751 4340 (desertam
776 4279 936 4362 propeque
959 4278 1100 4362 liquissct
1123 4288 1153 4342 et
1175 4279 1291 4344 Bellon
1319 4281 1417 4366 (1:³3).
