3250 5130
636 445 763 506 ,33
807 478 851 486 .-

174 653 265 717 gerc3
292 639 387 714 atque
411 631 547 716 primum
564 631 692 712 quidem
710 631 861 694 Iunonem
880 628 1003 693 Graeco
1018 628 1122 711 magis
1141 627 1310 692 formatam

174 758 260 802 more
289 736 339 819 (of.
373 754 454 817 quae
486 753 583 817 supra
613 733 705 816 dixi),
740 732 874 813 deinde,
906 738 942 796 ut
976 731 1178 796 manifestius
1207 731 1307 810 fieret,

175 861 270 922 quam
294 846 362 903 arte
385 839 465 902 Iuno
488 831 595 902 uincla
617 837 676 900 illa
697 835 797 915 daret,
824 836 977 899 Iunonem
1004 854 1118 918 manus
1140 841 1310 918 ponentem

174 944 209 1008 in
231 942 417 1008 maritorum
439 940 569 1005 umeris.

262 1065 323 1128 Pro
345 1061 465 1128 femina
488 1067 596 1126 autern
618 1060 677 1124 illa
699 1061 802 1124 altera
827 1064 883 1124 aut
904 1059 1061 1123 Venerem
1090 1059 1195 1144 ipsam
1225 1060 1313 1126 fece-

176 1173 250 1231 runt
278 1171 398 1248 nuptae
437 1163 603 1245 comitem,
641 1163 768 1245 qualem
799 1162 894 1229 etiam
926 1162 1066 1227 Statius:
1109 1169 1209 1229 testes
1239 1171 1314 1228 sunt

176 1268 396 1353 sarcophagus
411 1267 586 1332 Vaticanus
615 1267 701 1350 (solo
724 1267 804 1330 delle
827 1267 951 1346 Mose),
986 1267 1040 1330 uhi
1064 1265 1188 1332 Graeco
1217 1268 1313 1352 plene

175 1374 238 1436 ritu
267 1378 399 1454 nuptam
437 1377 618 1453 promovet,
652 1369 936 1453 Neapolitanusl‘),
968 1369 1024 1433 ubi
1061 1369 1165 1435 crines
1195 1378 1313 1454 nuptae

177 1475 390 1558 componit-
402 1473 518 1554 quibus
534 1473 566 1536 in
583 1471 906 1556 sarcophagisVenus
922 1471 1156 1553 quodammodo
1171 1493 1191 1536 a
1212 1473 1315 1537 maie-

177 1584 260 1642 state
276 1596 335 1641 sua
350 1575 470 1641 recedit
485 1581 580 1658 atque
594 1598 692 1638 »noua
709 1575 803 1658 pettit
817 1575 919 1636 minor
933 1573 980 1636 ire
995 1574 1131 1637 marito«
1146 1613 1189 1621 —
1204 1577 1315 1640 Petro-

178 1681 340 1764 politanus
370 1686 402 1744 et
423 1679 599 1743 Vaticanus
634 1679 857 1762 (Beloederc),
892 1677 947 1742 ubi
966 1678 1074 1742 Venus
1104 1678 1213 1743 adstat
1242 1700 1314 1744 oum

178 1783 312 1860 Amore3
332 1787 387 1846 aut
408 1782 455 1866 (id
470 1781 554 1864 quod
574 1781 669 1864 longe
681 1781 924 1846 usitatissimum
942 1782 1003 1864 est)
1024 1781 1177 1863 puellam,
1197 1781 1237 1846 de
1252 1803 1316 1863 qua

178 1906 276 1970 supra
305 1885 382 1950 dixi.
437 1885 529 1948 Hanc
551 1883 770 1948 Rossbachius
800 1903 840 1948 cx
863 1883 995 1948 Peithus
1023 1883 1183 1968 (Suadae)
1212 1884 1316 1949 forma

181 1994 282 2052 ortam
307 2006 379 2055 esse
398 1993 511 2071 putat,
538 2007 674 2068 eumque
698 1987 851 2065 nonnulli⁴
867 1993 941 2051 sunt
963 1986 1080 2068 secuti,
1113 2007 1164 2052 mc
1187 1987 1315 2069 quidem

179 2111 244 2155 non
279 2090 487 2156 assentiente.
545 2090 691 2171 Namque
729 2090 868 2172 primum
905 2095 1051 2173 apertum
1088 2096 1138 2154 est
1173 2092 1315 2173 puellam

179 2192 281 2257 deae
310 2211 440 2276 prorsus
463 2211 535 2258 esse
558 2193 760 2272 dissimilem,
786 2193 902 2257 deinde
932 2193 1072 2257 vidimus
1101 2194 1191 2258 nullo
1220 2195 1316 2259 modo

180 2296 315 2360 eandem
339 2315 465 2379 semper
487 2295 546 2360 hoc
574 2296 644 2360 loco
673 2316 831 2379 apparere
861 2295 954 2360 deam
983 2296 1017 2359 in
1042 2295 1175 2362 Graccis
1204 2319 1318 2363 monu-

180 2399 311 2478 mentis;
345 2399 540 2482 quinetiam
569 2399 603 2462 in
626 2399 758 2482 antiquo
787 2399 844 2463 illo
866 2419 944 2464 vase
967 2399 1206 2485 Atheniensi**)
1235 2400 1318 2466 hanc

180 2502 332 2568 feminam
356 2503 571 2567 humanam
595 2513 679 2568 esse.
727 2501 799 2578 Qua
822 2502 863 2568 de
886 2521 985 2567 cerusa
1008 2504 1067 2568 hoo
1091 2503 1170 2568 mihi
1192 2504 1318 2570 videtur

182 2607 250 2670 veri
273 2589 346 2671 esse
369 2605 582 2671 simillimum:
609 2605 735 2672 Graeca
750 2613 820 2672 erat
834 2607 944 2690 procul
960 2607 1056 2671 dubio
1071 2607 1202 2689 femina,
1222 2629 1317 2690 quam

180 2709 317 2793 primum
340 2708 505 2791 tingebant
526 2709 559 2772 in
583 2709 703 2792 nuptiis
726 2715 814 2773 certa
834 2709 975 2791 quadam
998 2709 1110 2774 fabula
1132 2711 1315 2793 celebratis,

182 2814 270 2878 velut
291 2813 324 2876 in
345 2813 544 2896 sarcophago
566 2813 832 2896 Florentino***)‚
860 2813 915 2878 ubi
937 2813 1072 2878 Admeto
1095 2815 1238 2880 Alcestin
1260 2815 1319 2878 illa

181 2915 329 2980 traducit.
376 2916 468 2980 Hanc
498 2915 605 2997 igitur,
639 2936 736 2998 quam
762 2916 928 3000 aptissime
951 2916 1129 2981 ministram
1159 2918 1318 3002 intorpre-

181 3024 260 3100 tcre,
286 3019 328 3083 ad
350 3037 426 3084 suas
448 3019 578 3103 nuptias
601 3027 805 3104 sumpserunt
827 3021 972 3086 Romani.

268 3139 358 3216 Quae
382 3160 453 3204 curn
476 3141 522 3205 ita
544 3141 626 3223 sint,
659 3141 687 3206 si
710 3141 782 3224 quis
811 3161 851 3206 cx
881 3161 999 3226 pompa
1018 3143 1184 3235 nuptiali,
1210 3144 1316 3224 qualis

181 3243 216 3307 in
238 3243 446 3327 sarcophagis
468 3243 562 3309 modo
581 3245 725 3325 occurrit,
745 3246 898 3328 colligere
921 3247 982 3310 sibi
1004 3246 1141 3328 videtur,
1160 3246 1318 3330 quomodo

182 3345 268 3410 vitae
280 3345 366 3429 apud
376 3347 535 3412 Romanos
552 3347 732 3413 cotidianae
748 3349 827 3412 ritus
844 3349 939 3413 fuerit
954 3349 1119 3433 nuptialis,
1136 3370 1208 3414 eum
1221 3349 1317 3414 valde

183 3469 289 3513 errare
312 3457 454 3534 apparet.
501 3452 614 3533 Neque
636 3452 721 3516 enim
738 3452 784 3516 sic
805 3452 888 3518 inter
904 3453 1033 3518 maritos
1056 3453 1319 3537 stabat'pronuba

184 3551 335 3636 humana,
361 3574 465 3635 neque
487 3555 597 3638 puelle
621 3555 666 3619 sic
689 3556 941 3639 prosequebatur
963 3556 1127 3620 feminam.

271 3673 337 3737 Sub
366 3672 460 3738 finem
496 3673 585 3739 iuvat
621 3675 791 3760 suspicari,
834 3697 896 3758 quo
926 3683 1068 3761 tempore
1097 3677 1252 3742 Iunonem
1285 3678 1318 3741 in

185 3777 303 3842 umeris
325 3777 508 3843 maritomm
539 3799 652 3844 manus
675 3788 845 3863 ponentem
868 3781 990 3863 fingere
1020 3802 1083 3846 non
1107 3782 1177 3846 dico
1206 3782 1320 3846 inven-

183 3889 250 3947 turn
274 3881 325 3964 sit,
351 3881 463 3946 sedin
486 3902 579 3946 usum
602 3884 734 3948 venerit.

271 4193 296 4256 'l
318 4207 346 4246 v.
366 4207 438 4262 quae
458 4195 493 4248 dc
513 4209 546 4248 eo
564 4192 593 4248 in
613 4191 666 4249 fine
684 4192 833 4252 adnotabo.

254 4279 296 4343 aa)
316 4280 373 4334 tab.
395 4278 441 4347 fig.
456 4282 481 4331 2.

238 4363 296 4428 ***]
317 4359 403 4419 Arch.
417 4366 487 4419 Zeit.
511 4365 575 4419 1875
595 4367 652 4423 tab.
665 4367 713 4422 IX.

190 4498 194 4506 .
255 4465 313 4508 stati
327 4465 508 4520 Epithalamium.
