<?xml version="1.0" encoding="UTF-8"?>
<!DOCTYPE html PUBLIC "-//W3C//DTD XHTML 1.0 Transitional//EN"
    "http://www.w3.org/TR/xhtml1/DTD/xhtml1-transitional.dtd">
<html xmlns="http://www.w3.org/1999/xhtml" xml:lang="en" lang="en">
 <head>
  <title>
</title>
<meta http-equiv="Content-Type" content="text/html;charset=utf-8" />
  <meta name='ocr-system' content='tesseract 3.04.00' />
  <meta name='ocr-capabilities' content='ocr_page ocr_carea ocr_par ocr_line ocrx_word'/>
</head>
<body>
  <div class='ocr_page' id='page_1' title='image "./statiepithalami00statgoog_0047.png"; bbox 0 0 3250 5130; ppageno 0'>
   <div class='ocr_carea' id='block_1_1' title="bbox 748 405 962 464">
    <p class='ocr_par' dir='ltr' id='par_1_1' title="bbox 748 405 962 464">
     <span class='ocr_line' id='line_1_1' title="bbox 748 405 962 464; baseline 0.009 -20"><span class='ocrx_word' id='word_1_1' title='bbox 748 405 962 464; x_wconf 63' lang='lat'>..36-</span> 
     </span>
    </p>
   </div>
   <div class='ocr_carea' id='block_1_2' title="bbox 276 586 1427 1610">
    <p class='ocr_par' dir='ltr' id='par_1_2' title="bbox 284 586 1427 1090">
     <span class='ocr_line' id='line_1_2' title="bbox 288 586 1427 674; baseline 0.008 -25"><span class='ocrx_word' id='word_1_2' title='bbox 288 587 384 650; x_wconf 92' lang='lat' dir='ltr'>Velut</span> <span class='ocrx_word' id='word_1_3' title='bbox 413 586 447 650; x_wconf 97' lang='lat' dir='ltr'>in</span> <span class='ocrx_word' id='word_1_4' title='bbox 470 607 547 652; x_wconf 88' lang='lat' dir='ltr'>vase</span> <span class='ocrx_word' id='word_1_5' title='bbox 577 588 634 652; x_wconf 95' lang='lat' dir='ltr'>illo</span> <span class='ocrx_word' id='word_1_6' title='bbox 664 587 876 672; x_wconf 89' lang='lat' dir='ltr'>pulcherrimo</span> <span class='ocrx_word' id='word_1_7' title='bbox 905 590 1105 672; x_wconf 87' lang='lat' dir='ltr'>Monacensi,</span> <span class='ocrx_word' id='word_1_8' title='bbox 1140 591 1180 656; x_wconf 91' lang='lat' dir='ltr'>de</span> <span class='ocrx_word' id='word_1_9' title='bbox 1202 612 1265 674; x_wconf 92' lang='lat' dir='ltr'>quc</span> <span class='ocrx_word' id='word_1_10' title='bbox 1291 593 1427 660; x_wconf 82' lang='lat' dir='ltr'>Iahnius</span> 
     </span>
     <span class='ocr_line' id='line_1_3' title="bbox 288 689 1426 780; baseline 0.008 -28"><span class='ocrx_word' id='word_1_11' title='bbox 288 690 354 771; x_wconf 91' lang='lat' dir='ltr'>egit</span> <span class='ocrx_word' id='word_1_12' title='bbox 363 691 404 774; x_wconf 75' lang='lat'>·*),</span> <span class='ocrx_word' id='word_1_13' title='bbox 423 689 548 756; x_wconf 90' lang='lat' dir='ltr'>Iasonis</span> <span class='ocrx_word' id='word_1_14' title='bbox 571 699 603 758; x_wconf 89' lang='lat' dir='ltr'>ct</span> <span class='ocrx_word' id='word_1_15' title='bbox 625 692 759 758; x_wconf 83' lang='lat' dir='ltr'>Medeae</span> <span class='ocrx_word' id='word_1_16' title='bbox 782 693 1021 774; x_wconf 88' lang='lat' dir='ltr'>intellegendae</span> <span class='ocrx_word' id='word_1_17' title='bbox 1044 702 1118 760; x_wconf 92' lang='lat' dir='ltr'>sunt</span> <span class='ocrx_word' id='word_1_18' title='bbox 1140 696 1282 780; x_wconf 82' lang='lat' dir='ltr'>nuptiae⁷</span> <span class='ocrx_word' id='word_1_19' title='bbox 1309 698 1426 780; x_wconf 89' lang='lat' dir='ltr'>quibus</span> 
     </span>
     <span class='ocr_line' id='line_1_4' title="bbox 286 796 1425 899; baseline 0.006 -39"><span class='ocrx_word' id='word_1_20' title='bbox 286 797 397 862; x_wconf 80' lang='lat' dir='ltr'>Musae</span> <span class='ocrx_word' id='word_1_21' title='bbox 421 796 539 862; x_wconf 90' lang='lat' dir='ltr'>adsunt</span> <span class='ocrx_word' id='word_1_22' title='bbox 561 817 634 878; x_wconf 81' lang='lat' dir='ltr'>non,</span> <span class='ocrx_word' id='word_1_23' title='bbox 660 798 775 879; x_wconf 90' lang='lat' dir='ltr'>quales</span> <span class='ocrx_word' id='word_1_24' title='bbox 798 798 990 865; x_wconf 79' lang='lat' dir='ltr'>recentiores</span> <span class='ocrx_word' id='word_1_25' title='bbox 1013 807 1253 883; x_wconf 85' lang='lat' dir='ltr'>repraesentare</span> <span class='ocrx_word' id='word_1_26' title='bbox 1276 801 1425 899; x_wconf 74' lang='lat' dir='ltr'>solebant</span> 
     </span>
     <span class='ocr_line' id='line_1_5' title="bbox 284 887 1424 986; baseline 0.004 -20"><span class='ocrx_word' id='word_1_27' title='bbox 284 901 442 986; x_wconf 87' lang='lat' dir='ltr'>artifices,</span> <span class='ocrx_word' id='word_1_28' title='bbox 469 900 571 984; x_wconf 90' lang='lat' dir='ltr'>signis</span> <span class='ocrx_word' id='word_1_29' title='bbox 594 901 782 983; x_wconf 82' lang='lat' dir='ltr'>distinctae,</span> <span class='ocrx_word' id='word_1_30' title='bbox 810 903 869 968; x_wconf 91' lang='lat' dir='ltr'>sed</span> <span class='ocrx_word' id='word_1_31' title='bbox 896 887 1048 969; x_wconf 89' lang='lat' dir='ltr'>liberiore</span> <span class='ocrx_word' id='word_1_32' title='bbox 1078 904 1176 970; x_wconf 82' lang='lat' dir='ltr'>modo</span> <span class='ocrx_word' id='word_1_33' title='bbox 1203 901 1357 970; x_wconf 87' lang='lat' dir='ltr'>fonnatae</span> <span class='ocrx_word' id='word_1_34' title='bbox 1388 912 1424 970; x_wconf 89' lang='lat' dir='ltr'>ut</span> 
     </span>
     <span class='ocr_line' id='line_1_6' title="bbox 285 1004 847 1090; baseline 0.005 -22"><span class='ocrx_word' id='word_1_35' title='bbox 285 1011 450 1070; x_wconf 90' lang='lat' dir='ltr'>cantantes</span> <span class='ocrx_word' id='word_1_36' title='bbox 473 1012 506 1070; x_wconf 92' lang='lat' dir='ltr'>et</span> <span class='ocrx_word' id='word_1_37' title='bbox 527 1004 677 1070; x_wconf 90' lang='lat' dir='ltr'>ludentes</span> <span class='ocrx_word' id='word_1_38' title='bbox 701 1005 847 1090; x_wconf 62' lang='lat' dir='ltr'>deaell‘).</span> 
     </span>
    </p>

    <p class='ocr_par' dir='ltr' id='par_1_3' title="bbox 276 1109 1421 1610">
     <span class='ocr_line' id='line_1_7' title="bbox 368 1109 1421 1196; baseline 0.003 -23"><span class='ocrx_word' id='word_1_39' title='bbox 368 1110 483 1190; x_wconf 90' lang='lat' dir='ltr'>Neque</span> <span class='ocrx_word' id='word_1_40' title='bbox 505 1109 610 1172; x_wconf 90' lang='lat' dir='ltr'>minus</span> <span class='ocrx_word' id='word_1_41' title='bbox 632 1109 665 1172; x_wconf 94' lang='lat' dir='ltr'>in</span> <span class='ocrx_word' id='word_1_42' title='bbox 687 1128 765 1174; x_wconf 92' lang='lat' dir='ltr'>vase</span> <span class='ocrx_word' id='word_1_43' title='bbox 788 1109 926 1192; x_wconf 90' lang='lat' dir='ltr'>quodam</span> <span class='ocrx_word' id='word_1_44' title='bbox 948 1110 1161 1196; x_wconf 89' lang='lat' dir='ltr'>Neapolitano</span> <span class='ocrx_word' id='word_1_45' title='bbox 1170 1113 1233 1196; x_wconf 70' lang='lat'><em>***)</em></span> <span class='ocrx_word' id='word_1_46' title='bbox 1253 1113 1364 1178; x_wconf 86' lang='lat' dir='ltr'>Musae</span> <span class='ocrx_word' id='word_1_47' title='bbox 1387 1113 1421 1176; x_wconf 95' lang='lat' dir='ltr'>in</span> 
     </span>
     <span class='ocr_line' id='line_1_8' title="bbox 282 1211 1420 1296; baseline 0.002 -20"><span class='ocrx_word' id='word_1_48' title='bbox 282 1213 348 1276; x_wconf 91' lang='lat' dir='ltr'>ima</span> <span class='ocrx_word' id='word_1_49' title='bbox 369 1211 521 1295; x_wconf 85' lang='lat' dir='ltr'>imaginis</span> <span class='ocrx_word' id='word_1_50' title='bbox 544 1218 635 1296; x_wconf 89' lang='lat' dir='ltr'>parte</span> <span class='ocrx_word' id='word_1_51' title='bbox 657 1212 830 1296; x_wconf 91' lang='lat' dir='ltr'>pleraeque</span> <span class='ocrx_word' id='word_1_52' title='bbox 854 1214 1003 1279; x_wconf 86' lang='lat' dir='ltr'>sedentes</span> <span class='ocrx_word' id='word_1_53' title='bbox 1019 1213 1147 1280; x_wconf 85' lang='lat' dir='ltr'>efficere</span> <span class='ocrx_word' id='word_1_54' title='bbox 1169 1215 1247 1279; x_wconf 95' lang='lat' dir='ltr'>mihi</span> <span class='ocrx_word' id='word_1_55' title='bbox 1270 1215 1420 1281; x_wconf 91' lang='lat' dir='ltr'>videntur</span> 
     </span>
     <span class='ocr_line' id='line_1_9' title="bbox 283 1315 1418 1401; baseline 0.004 -21"><span class='ocrx_word' id='word_1_56' title='bbox 283 1317 378 1381; x_wconf 91' lang='lat' dir='ltr'>simul</span> <span class='ocrx_word' id='word_1_57' title='bbox 409 1337 480 1381; x_wconf 88' lang='lat' dir='ltr'>cum</span> <span class='ocrx_word' id='word_1_58' title='bbox 503 1315 610 1380; x_wconf 90' lang='lat' dir='ltr'>Diana</span> <span class='ocrx_word' id='word_1_59' title='bbox 639 1315 697 1380; x_wconf 92' lang='lat' dir='ltr'>illa</span> <span class='ocrx_word' id='word_1_60' title='bbox 720 1316 783 1382; x_wconf 92' lang='lat' dir='ltr'>dea</span> <span class='ocrx_word' id='word_1_61' title='bbox 805 1317 993 1401; x_wconf 66' lang='lat' dir='ltr'>nuptialit),</span> <span class='ocrx_word' id='word_1_62' title='bbox 1020 1324 1055 1382; x_wconf 94' lang='lat' dir='ltr'>ut</span> <span class='ocrx_word' id='word_1_63' title='bbox 1078 1338 1307 1401; x_wconf 92' lang='lat' dir='ltr'>cognoscamus</span> <span class='ocrx_word' id='word_1_64' title='bbox 1330 1320 1418 1384; x_wconf 86' lang='lat' dir='ltr'>Ado-</span> 
     </span>
     <span class='ocr_line' id='line_1_10' title="bbox 278 1420 1416 1504; baseline 0.001 -19"><span class='ocrx_word' id='word_1_65' title='bbox 278 1421 345 1486; x_wconf 92' lang='lat' dir='ltr'>nim</span> <span class='ocrx_word' id='word_1_66' title='bbox 371 1420 405 1485; x_wconf 94' lang='lat' dir='ltr'>in</span> <span class='ocrx_word' id='word_1_67' title='bbox 435 1421 518 1486; x_wconf 91' lang='lat' dir='ltr'>lecto</span> <span class='ocrx_word' id='word_1_68' title='bbox 549 1425 683 1484; x_wconf 89' lang='lat' dir='ltr'>stratum</span> <span class='ocrx_word' id='word_1_69' title='bbox 705 1420 888 1503; x_wconf 87' lang='lat' dir='ltr'>Venerique</span> <span class='ocrx_word' id='word_1_70' title='bbox 916 1421 1093 1504; x_wconf 83' lang='lat' dir='ltr'>redditum,</span> <span class='ocrx_word' id='word_1_71' title='bbox 1121 1423 1180 1488; x_wconf 92' lang='lat' dir='ltr'>sed</span> <span class='ocrx_word' id='word_1_72' title='bbox 1210 1423 1299 1488; x_wconf 85' lang='lat' dir='ltr'>brevi</span> <span class='ocrx_word' id='word_1_73' title='bbox 1315 1423 1416 1488; x_wconf 46' lang='lat' dir='ltr'>‘redi-</span> 
     </span>
     <span class='ocr_line' id='line_1_11' title="bbox 276 1523 1410 1610; baseline 0.001 -21"><span class='ocrx_word' id='word_1_74' title='bbox 276 1532 400 1604; x_wconf 91' lang='lat' dir='ltr'>turum,</span> <span class='ocrx_word' id='word_1_75' title='bbox 427 1525 556 1607; x_wconf 90' lang='lat' dir='ltr'>qualem</span> <span class='ocrx_word' id='word_1_76' title='bbox 579 1523 727 1607; x_wconf 82' lang='lat' dir='ltr'>depingit</span> <span class='ocrx_word' id='word_1_77' title='bbox 748 1523 982 1608; x_wconf 89' lang='lat' dir='ltr'>lepidissimum</span> <span class='ocrx_word' id='word_1_78' title='bbox 1005 1525 1167 1591; x_wconf 77' lang='lat' dir='ltr'>Theocriti</span> <span class='ocrx_word' id='word_1_79' title='bbox 1188 1525 1326 1610; x_wconf 91' lang='lat' dir='ltr'>idyllicn</span> <span class='ocrx_word' id='word_1_80' title='bbox 1341 1526 1410 1608; x_wconf 87' lang='lat' dir='ltr'>XV,</span> 
     </span>
    </p>
   </div>
   <div class='ocr_carea' id='block_1_3' title="bbox 299 1638 1458 1941">
    <p class='ocr_par' dir='ltr' id='par_1_4' title="bbox 299 1638 1458 1941">
     <span class='ocr_line' id='line_1_12' title="bbox 299 1638 1331 1732; baseline 0 -22"><span class='ocrx_word' id='word_1_81' title='bbox 299 1646 449 1728; x_wconf 74' lang='lat' dir='ltr'>of.84sq.</span> <span class='ocrx_word' id='word_1_82' title='bbox 475 1638 577 1720; x_wconf 72' lang='grc' dir='ltr'><strong><em>αὐτὸς</em></strong></span> <span class='ocrx_word' id='word_1_83' title='bbox 600 1639 632 1707; x_wconf 85' lang='lat' dir='ltr'>d’</span> <span class='ocrx_word' id='word_1_84' title='bbox 653 1638 696 1719; x_wconf 83' lang='grc' dir='ltr'>ὡς</span> <span class='ocrx_word' id='word_1_85' title='bbox 718 1641 849 1730; x_wconf 70' lang='grc' dir='ltr'><strong><em>θαητὸς</em></strong></span> <span class='ocrx_word' id='word_1_86' title='bbox 874 1640 932 1709; x_wconf 70' lang='grc' dir='ltr'>ἐντ’</span> <span class='ocrx_word' id='word_1_87' title='bbox 948 1639 1113 1732; x_wconf 75' lang='grc' dir='ltr'><strong><em>ἀργυρέας</em></strong></span> <span class='ocrx_word' id='word_1_88' title='bbox 1136 1642 1331 1712; x_wconf 80' lang='grc' dir='ltr'><strong><em>κατάκειται</em></strong></span> 
     </span>
     <span class='ocr_line' id='line_1_13' title="bbox 473 1743 1458 1837; baseline 0.002 -25"><span class='ocrx_word' id='word_1_89' title='bbox 473 1749 602 1833; x_wconf 75' lang='grc' dir='ltr'><em>κλισμῷ</em></span> <span class='ocrx_word' id='word_1_90' title='bbox 617 1755 750 1834; x_wconf 77' lang='grc' dir='ltr'><strong><em>πρᾶτον</em></strong></span> <span class='ocrx_word' id='word_1_91' title='bbox 765 1747 881 1814; x_wconf 77' lang='grc' dir='ltr'><strong><em>ἰὀαλον</em></strong></span> <span class='ocrx_word' id='word_1_92' title='bbox 898 1743 966 1813; x_wconf 77' lang='grc' dir='ltr'>ἀπὸ</span> <span class='ocrx_word' id='word_1_93' title='bbox 983 1747 1166 1837; x_wconf 76' lang='grc' dir='ltr'><strong><em>κροτάφων</em></strong></span> <span class='ocrx_word' id='word_1_94' title='bbox 1181 1747 1404 1832; x_wconf 77' lang='grc' dir='ltr'><strong><em>καταβάλλων</em></strong></span> <span class='ocrx_word' id='word_1_95' title='bbox 1455 1743 1458 1750; x_wconf 58' lang='grc'><strong>’</strong></span> 
     </span>
     <span class='ocr_line' id='line_1_14' title="bbox 474 1846 1358 1941; baseline 0.005 -28"><span class='ocrx_word' id='word_1_96' title='bbox 474 1846 490 1915; x_wconf 83' lang='lat' dir='ltr'>d</span> <span class='ocrx_word' id='word_1_97' title='bbox 517 1853 713 1939; x_wconf 75' lang='grc' dir='ltr'><strong><em>τριφίλρτος</em></strong></span> <span class='ocrx_word' id='word_1_98' title='bbox 729 1847 868 1928; x_wconf 76' lang='grc' dir='ltr'><strong><em>Ἄδωνις</em></strong></span> <span class='ocrx_word' id='word_1_99' title='bbox 892 1851 909 1916; x_wconf 82' lang='lat' dir='ltr'>d</span> <span class='ocrx_word' id='word_1_100' title='bbox 933 1846 995 1939; x_wconf 70' lang='grc' dir='ltr'>κήν</span> <span class='ocrx_word' id='word_1_101' title='bbox 1011 1849 1183 1939; x_wconf 83' lang='grc' dir='ltr'><strong><em>Ἀχέροντι</em></strong></span> <span class='ocrx_word' id='word_1_102' title='bbox 1206 1851 1358 1941; x_wconf 79' lang='grc' dir='ltr'><strong><em>φιλητός.</em></strong></span> 
     </span>
    </p>
   </div>
   <div class='ocr_carea' id='block_1_4' title="bbox 270 1972 1409 2573">
    <p class='ocr_par' dir='ltr' id='par_1_5' title="bbox 270 1972 1409 2573">
     <span class='ocr_line' id='line_1_15' title="bbox 359 1972 1408 2059; baseline -0.001 -20"><span class='ocrx_word' id='word_1_103' title='bbox 359 1972 425 2039; x_wconf 79' lang='lat' dir='ltr'>Sed</span> <span class='ocrx_word' id='word_1_104' title='bbox 446 1973 512 2037; x_wconf 88' lang='lat' dir='ltr'>iarn</span> <span class='ocrx_word' id='word_1_105' title='bbox 535 1973 577 2038; x_wconf 91' lang='lat' dir='ltr'>ad</span> <span class='ocrx_word' id='word_1_106' title='bbox 599 1973 665 2038; x_wconf 90' lang='lat' dir='ltr'>alia</span> <span class='ocrx_word' id='word_1_107' title='bbox 686 1980 887 2038; x_wconf 86' lang='lat' dir='ltr'>transeamus</span> <span class='ocrx_word' id='word_1_108' title='bbox 918 1973 1073 2038; x_wconf 88' lang='lat' dir='ltr'>artificum</span> <span class='ocrx_word' id='word_1_109' title='bbox 1096 1995 1204 2059; x_wconf 83' lang='lat' dir='ltr'>opera,</span> <span class='ocrx_word' id='word_1_110' title='bbox 1238 1976 1408 2057; x_wconf 93' lang='lat' dir='ltr'>inquibus</span> 
     </span>
     <span class='ocr_line' id='line_1_16' title="bbox 275 2069 1406 2162; baseline 0.001 -22"><span class='ocrx_word' id='word_1_111' title='bbox 275 2097 330 2140; x_wconf 92' lang='lat' dir='ltr'>cur</span> <span class='ocrx_word' id='word_1_112' title='bbox 352 2078 465 2142; x_wconf 86' lang='lat' dir='ltr'>Musae</span> <span class='ocrx_word' id='word_1_113' title='bbox 481 2077 676 2159; x_wconf 84' lang='lat' dir='ltr'>Gratiaeque</span> <span class='ocrx_word' id='word_1_114' title='bbox 699 2077 845 2142; x_wconf 87' lang='lat' dir='ltr'>adiectae</span> <span class='ocrx_word' id='word_1_115' title='bbox 869 2069 932 2142; x_wconf 89' lang='lat' dir='ltr'>sint</span> <span class='ocrx_word' id='word_1_116' title='bbox 954 2097 1018 2142; x_wconf 94' lang='lat' dir='ltr'>non</span> <span class='ocrx_word' id='word_1_117' title='bbox 1040 2083 1146 2162; x_wconf 89' lang='lat' dir='ltr'>potest</span> <span class='ocrx_word' id='word_1_118' title='bbox 1168 2097 1239 2143; x_wconf 90' lang='lat' dir='ltr'>esse</span> <span class='ocrx_word' id='word_1_119' title='bbox 1262 2077 1406 2142; x_wconf 88' lang='lat' dir='ltr'>dubium.</span> 
     </span>
     <span class='ocr_line' id='line_1_17' title="bbox 270 2181 1409 2265; baseline 0 -21"><span class='ocrx_word' id='word_1_120' title='bbox 270 2182 375 2261; x_wconf 82' lang='lat' dir='ltr'>Atque</span> <span class='ocrx_word' id='word_1_121' title='bbox 397 2181 533 2263; x_wconf 92' lang='lat' dir='ltr'>primum</span> <span class='ocrx_word' id='word_1_122' title='bbox 557 2181 686 2261; x_wconf 89' lang='lat' dir='ltr'>quidem</span> <span class='ocrx_word' id='word_1_123' title='bbox 716 2181 945 2264; x_wconf 79' lang='lat' dir='ltr'>perlustramus</span> <span class='ocrx_word' id='word_1_124' title='bbox 968 2182 1148 2265; x_wconf 82' lang='lat' dir='ltr'>anaglypta</span> <span class='ocrx_word' id='word_1_125' title='bbox 1170 2181 1327 2246; x_wconf 88' lang='lat' dir='ltr'>Helenam</span> <span class='ocrx_word' id='word_1_126' title='bbox 1358 2200 1409 2244; x_wconf 89' lang='lat' dir='ltr'>re-</span> 
     </span>
     <span class='ocr_line' id='line_1_18' title="bbox 272 2282 1406 2368; baseline 0 -22"><span class='ocrx_word' id='word_1_127' title='bbox 272 2283 521 2367; x_wconf 78' lang='lat' dir='ltr'>praesentantia,</span> <span class='ocrx_word' id='word_1_128' title='bbox 540 2284 591 2348; x_wconf 88' lang='lat' dir='ltr'>cui</span> <span class='ocrx_word' id='word_1_129' title='bbox 602 2283 711 2348; x_wconf 89' lang='lat' dir='ltr'>Venus</span> <span class='ocrx_word' id='word_1_130' title='bbox 734 2282 881 2348; x_wconf 88' lang='lat' dir='ltr'>assidens</span> <span class='ocrx_word' id='word_1_131' title='bbox 898 2283 1093 2368; x_wconf 89' lang='lat' dir='ltr'>persuadere</span> <span class='ocrx_word' id='word_1_132' title='bbox 1116 2283 1232 2367; x_wconf 76' lang='lat' dir='ltr'>studet,</span> <span class='ocrx_word' id='word_1_133' title='bbox 1251 2290 1286 2348; x_wconf 95' lang='lat' dir='ltr'>ut</span> <span class='ocrx_word' id='word_1_134' title='bbox 1300 2283 1406 2347; x_wconf 91' lang='lat' dir='ltr'>Parim</span> 
     </span>
     <span class='ocr_line' id='line_1_19' title="bbox 272 2381 1405 2472; baseline -0.001 -20"><span class='ocrx_word' id='word_1_135' title='bbox 272 2393 433 2470; x_wconf 84' lang='lat' dir='ltr'>sequatur,</span> <span class='ocrx_word' id='word_1_136' title='bbox 459 2386 699 2470; x_wconf 89' lang='lat' dir='ltr'>Phrygiumque</span> <span class='ocrx_word' id='word_1_137' title='bbox 722 2387 813 2450; x_wconf 94' lang='lat' dir='ltr'>illum</span> <span class='ocrx_word' id='word_1_138' title='bbox 837 2385 1037 2468; x_wconf 82' lang='lat' dir='ltr'>adstantem,</span> <span class='ocrx_word' id='word_1_139' title='bbox 1068 2387 1118 2450; x_wconf 91' lang='lat' dir='ltr'>cui</span> <span class='ocrx_word' id='word_1_140' title='bbox 1134 2381 1239 2472; x_wconf 83' lang='grc' dir='ltr'><strong><em>Ἔρως</em></strong></span> <span class='ocrx_word' id='word_1_141' title='bbox 1261 2387 1405 2452; x_wconf 89' lang='lat' dir='ltr'>Helenae</span> 
     </span>
     <span class='ocr_line' id='line_1_20' title="bbox 270 2489 855 2573; baseline -0.003 -19"><span class='ocrx_word' id='word_1_142' title='bbox 270 2511 410 2556; x_wconf 91' lang='lat' dir='ltr'>amorem</span> <span class='ocrx_word' id='word_1_143' title='bbox 432 2489 633 2554; x_wconf 87' lang='lat' dir='ltr'>insusurrare</span> <span class='ocrx_word' id='word_1_144' title='bbox 656 2490 855 2573; x_wconf 61' lang='lat' dir='ltr'>videturttl.</span> 
     </span>
    </p>
   </div>
   <div class='ocr_carea' id='block_1_5' title="bbox 264 2610 1404 3206">
    <p class='ocr_par' dir='ltr' id='par_1_6' title="bbox 264 2610 1404 3206">
     <span class='ocr_line' id='line_1_21' title="bbox 356 2610 1404 2696; baseline -0.002 -20"><span class='ocrx_word' id='word_1_145' title='bbox 356 2611 503 2676; x_wconf 91' lang='lat' dir='ltr'>Omnium</span> <span class='ocrx_word' id='word_1_146' title='bbox 520 2610 778 2694; x_wconf 84' lang='lat' dir='ltr'>praeclarissime</span> <span class='ocrx_word' id='word_1_147' title='bbox 793 2610 877 2674; x_wconf 91' lang='lat' dir='ltr'>hanc</span> <span class='ocrx_word' id='word_1_148' title='bbox 893 2611 1036 2675; x_wconf 86' lang='lat' dir='ltr'>fabulam</span> <span class='ocrx_word' id='word_1_149' title='bbox 1059 2617 1281 2694; x_wconf 90' lang='lat' dir='ltr'>repraesentat</span> <span class='ocrx_word' id='word_1_150' title='bbox 1295 2610 1404 2696; x_wconf 84' lang='lat' dir='ltr'>proxi-</span> 
     </span>
     <span class='ocr_line' id='line_1_22' title="bbox 269 2713 1403 2799; baseline -0.001 -21"><span class='ocrx_word' id='word_1_151' title='bbox 269 2735 382 2796; x_wconf 93' lang='lat' dir='ltr'>meque</span> <span class='ocrx_word' id='word_1_152' title='bbox 405 2715 530 2780; x_wconf 88' lang='lat' dir='ltr'>accedit</span> <span class='ocrx_word' id='word_1_153' title='bbox 551 2714 595 2778; x_wconf 91' lang='lat' dir='ltr'>ad</span> <span class='ocrx_word' id='word_1_154' title='bbox 617 2715 826 2798; x_wconf 85' lang='lat' dir='ltr'>archetypum</span> <span class='ocrx_word' id='word_1_155' title='bbox 850 2715 1060 2799; x_wconf 89' lang='lat' dir='ltr'>anaglyptum</span> <span class='ocrx_word' id='word_1_156' title='bbox 1083 2715 1343 2799; x_wconf 87' lang='lat' dir='ltr'>Neapolitanum,</span> <span class='ocrx_word' id='word_1_157' title='bbox 1369 2713 1403 2778; x_wconf 93' lang='lat' dir='ltr'>id</span> 
     </span>
     <span class='ocr_line' id='line_1_23' title="bbox 267 2817 1398 2903; baseline 0.002 -21"><span class='ocrx_word' id='word_1_158' title='bbox 267 2817 352 2899; x_wconf 92' lang='lat' dir='ltr'>quod</span> <span class='ocrx_word' id='word_1_159' title='bbox 375 2818 550 2902; x_wconf 86' lang='lat' dir='ltr'>praecipue</span> <span class='ocrx_word' id='word_1_160' title='bbox 577 2818 782 2883; x_wconf 88' lang='lat' dir='ltr'>manifestum</span> <span class='ocrx_word' id='word_1_161' title='bbox 805 2818 856 2901; x_wconf 90' lang='lat' dir='ltr'>fit,</span> <span class='ocrx_word' id='word_1_162' title='bbox 885 2819 912 2883; x_wconf 93' lang='lat' dir='ltr'>si</span> <span class='ocrx_word' id='word_1_163' title='bbox 935 2839 1100 2903; x_wconf 85' lang='lat' dir='ltr'>comparas</span> <span class='ocrx_word' id='word_1_164' title='bbox 1116 2819 1303 2884; x_wconf 87' lang='lat' dir='ltr'>Vaticanum</span> <span class='ocrx_word' id='word_1_165' title='bbox 1312 2819 1398 2902; x_wconf 66' lang='lat' dir='ltr'>tlt),</span> 
     </span>
     <span class='ocr_line' id='line_1_24' title="bbox 265 2921 1402 3006; baseline 0.003 -23"><span class='ocrx_word' id='word_1_166' title='bbox 265 2921 298 2983; x_wconf 95' lang='lat' dir='ltr'>in</span> <span class='ocrx_word' id='word_1_167' title='bbox 321 2939 383 3001; x_wconf 92' lang='lat' dir='ltr'>quo</span> <span class='ocrx_word' id='word_1_168' title='bbox 406 2927 438 2986; x_wconf 91' lang='lat' dir='ltr'>et</span> <span class='ocrx_word' id='word_1_169' title='bbox 466 2921 589 3003; x_wconf 90' lang='lat' dir='ltr'>figurae</span> <span class='ocrx_word' id='word_1_170' title='bbox 613 2921 761 3004; x_wconf 90' lang='lat' dir='ltr'>singulae</span> <span class='ocrx_word' id='word_1_171' title='bbox 784 2923 880 2987; x_wconf 92' lang='lat' dir='ltr'>valde</span> <span class='ocrx_word' id='word_1_172' title='bbox 904 2922 937 2986; x_wconf 95' lang='lat' dir='ltr'>in</span> <span class='ocrx_word' id='word_1_173' title='bbox 967 2923 1059 3006; x_wconf 93' lang='lat' dir='ltr'>peius</span> <span class='ocrx_word' id='word_1_174' title='bbox 1088 2928 1231 2988; x_wconf 89' lang='lat' dir='ltr'>mutatae</span> <span class='ocrx_word' id='word_1_175' title='bbox 1253 2923 1402 2988; x_wconf 89' lang='lat' dir='ltr'>videntur</span> 
     </span>
     <span class='ocr_line' id='line_1_25' title="bbox 266 3023 1400 3108; baseline 0.001 -20"><span class='ocrx_word' id='word_1_176' title='bbox 266 3030 306 3088; x_wconf 89' lang='lat' dir='ltr'>et</span> <span class='ocrx_word' id='word_1_177' title='bbox 320 3023 481 3106; x_wconf 89' lang='lat' dir='ltr'>Apollinis</span> <span class='ocrx_word' id='word_1_178' title='bbox 512 3030 621 3088; x_wconf 90' lang='lat' dir='ltr'>statua</span> <span class='ocrx_word' id='word_1_179' title='bbox 650 3023 763 3088; x_wconf 89' lang='lat' dir='ltr'>addita</span> <span class='ocrx_word' id='word_1_180' title='bbox 792 3023 842 3089; x_wconf 84' lang='lat' dir='ltr'>est</span> <span class='ocrx_word' id='word_1_181' title='bbox 871 3025 913 3088; x_wconf 92' lang='lat' dir='ltr'>ad</span> <span class='ocrx_word' id='word_1_182' title='bbox 943 3025 1105 3090; x_wconf 85' lang='lat' dir='ltr'>simulacri</span> <span class='ocrx_word' id='word_1_183' title='bbox 1134 3026 1257 3108; x_wconf 87' lang='lat' dir='ltr'>antiqui</span> <span class='ocrx_word' id='word_1_184' title='bbox 1287 3026 1400 3090; x_wconf 89' lang='lat' dir='ltr'>simili-</span> 
     </span>
     <span class='ocr_line' id='line_1_26' title="bbox 264 3126 1398 3206; baseline 0.002 -15"><span class='ocrx_word' id='word_1_185' title='bbox 264 3126 408 3192; x_wconf 91' lang='lat' dir='ltr'>tudinem</span> <span class='ocrx_word' id='word_1_186' title='bbox 431 3126 575 3206; x_wconf 77' lang='lat' dir='ltr'>formata,</span> <span class='ocrx_word' id='word_1_187' title='bbox 603 3127 790 3190; x_wconf 88' lang='lat' dir='ltr'>recentioris</span> <span class='ocrx_word' id='word_1_188' title='bbox 813 3127 945 3192; x_wconf 86' lang='lat' dir='ltr'>artificis</span> <span class='ocrx_word' id='word_1_189' title='bbox 976 3129 1045 3193; x_wconf 90' lang='lat' dir='ltr'>sine</span> <span class='ocrx_word' id='word_1_190' title='bbox 1074 3137 1180 3194; x_wconf 90' lang='lat' dir='ltr'>mente</span> <span class='ocrx_word' id='word_1_191' title='bbox 1210 3150 1248 3193; x_wconf 90' lang='lat' dir='ltr'>ao</span> <span class='ocrx_word' id='word_1_192' title='bbox 1277 3129 1398 3194; x_wconf 88' lang='lat' dir='ltr'>ratione</span> 
     </span>
    </p>
   </div>
   <div class='ocr_carea' id='block_1_6' title="bbox 253 3398 1475 4428">
    <p class='ocr_par' dir='ltr' id='par_1_7' title="bbox 348 3398 1153 3472">
     <span class='ocr_line' id='line_1_27' title="bbox 348 3398 1153 3472; baseline 0.001 -17"><span class='ocrx_word' id='word_1_193' title='bbox 348 3401 373 3465; x_wconf 79' lang='lat' dir='ltr'>*t</span> <span class='ocrx_word' id='word_1_194' title='bbox 394 3399 480 3455; x_wconf 83' lang='lat' dir='ltr'>Arch.</span> <span class='ocrx_word' id='word_1_195' title='bbox 494 3401 564 3457; x_wconf 87' lang='lat' dir='ltr'>Zcit.</span> <span class='ocrx_word' id='word_1_196' title='bbox 587 3404 652 3454; x_wconf 79' lang='lat'><strong>1860</strong></span> <span class='ocrx_word' id='word_1_197' title='bbox 671 3420 697 3472; x_wconf 86' lang='lat' dir='ltr'>p.</span> <span class='ocrx_word' id='word_1_198' title='bbox 712 3406 743 3454; x_wconf 78' lang='grc'>74</span> <span class='ocrx_word' id='word_1_199' title='bbox 757 3420 797 3472; x_wconf 90' lang='lat' dir='ltr'>sq.</span> <span class='ocrx_word' id='word_1_200' title='bbox 819 3404 875 3458; x_wconf 84' lang='lat' dir='ltr'>tab.</span> <span class='ocrx_word' id='word_1_201' title='bbox 890 3403 1054 3468; x_wconf 80' lang='lat' dir='ltr'>CXXXIX,</span> <span class='ocrx_word' id='word_1_202' title='bbox 1069 3398 1153 3459; x_wconf 76' lang='lat' dir='ltr'>CXL.</span> 
     </span>
    </p>

    <p class='ocr_par' dir='ltr' id='par_1_8' title="bbox 259 3487 1427 3733">
     <span class='ocr_line' id='line_1_28' title="bbox 329 3487 1427 3578; baseline 0.003 -38"><span class='ocrx_word' id='word_1_203' title='bbox 329 3489 371 3550; x_wconf 81' lang='lat'>**)</span> <span class='ocrx_word' id='word_1_204' title='bbox 393 3505 419 3542; x_wconf 86' lang='lat' dir='ltr'>v.</span> <span class='ocrx_word' id='word_1_205' title='bbox 434 3487 676 3556; x_wconf 87' lang='lat' dir='ltr'>Trendelcnburg,</span> <span class='ocrx_word' id='word_1_206' title='bbox 695 3490 751 3544; x_wconf 91' lang='lat' dir='ltr'>Der</span> <span class='ocrx_word' id='word_1_207' title='bbox 763 3489 928 3544; x_wconf 88' lang='lat' dir='ltr'>Musenohor</span> <span class='ocrx_word' id='word_1_208' title='bbox 945 3490 1274 3560; x_wconf 86' lang='lat' dir='ltr'>(Winekelmannsprogr.</span> <span class='ocrx_word' id='word_1_209' title='bbox 1289 3491 1393 3554; x_wconf 90' lang='lat' dir='ltr'>Berlin)</span> <span class='ocrx_word' id='word_1_210' title='bbox 1422 3559 1427 3578; x_wconf 39' lang='grc' dir='ltr'>Ι</span> 
     </span>
     <span class='ocr_line' id='line_1_29' title="bbox 259 3577 388 3643; baseline 0 -18"><span class='ocrx_word' id='word_1_211' title='bbox 259 3587 285 3642; x_wconf 93' lang='lat' dir='ltr'>p.</span> <span class='ocrx_word' id='word_1_212' title='bbox 304 3577 332 3626; x_wconf 86' lang='lat'>13</span> <span class='ocrx_word' id='word_1_213' title='bbox 347 3590 388 3643; x_wconf 90' lang='lat' dir='ltr'>sq.</span> 
     </span>
     <span class='ocr_line' id='line_1_30' title="bbox 312 3659 1258 3733; baseline 0.004 -19"><span class='ocrx_word' id='word_1_214' title='bbox 312 3659 372 3724; x_wconf 80' lang='lat'><em>***)</em></span> <span class='ocrx_word' id='word_1_215' title='bbox 387 3659 460 3714; x_wconf 90' lang='lat' dir='ltr'>Bull.</span> <span class='ocrx_word' id='word_1_216' title='bbox 474 3661 567 3728; x_wconf 89' lang='lat' dir='ltr'>napol.</span> <span class='ocrx_word' id='word_1_217' title='bbox 591 3664 663 3726; x_wconf 77' lang='lat'><strong>1859,</strong></span> <span class='ocrx_word' id='word_1_218' title='bbox 680 3663 730 3717; x_wconf 93' lang='lat' dir='ltr'>IX.</span> <span class='ocrx_word' id='word_1_219' title='bbox 759 3663 956 3733; x_wconf 87' lang='lat' dir='ltr'>Heydcmann‚</span> <span class='ocrx_word' id='word_1_220' title='bbox 972 3662 1180 3732; x_wconf 89' lang='lat' dir='ltr'>Vasencatalog</span> <span class='ocrx_word' id='word_1_221' title='bbox 1200 3665 1258 3718; x_wconf 81' lang='lat'>702.</span> 
     </span>
    </p>

    <p class='ocr_par' dir='ltr' id='par_1_9' title="bbox 255 3746 1395 3986">
     <span class='ocr_line' id='line_1_31' title="bbox 344 3746 1395 3820; baseline 0.002 -20"><span class='ocrx_word' id='word_1_222' title='bbox 344 3749 369 3810; x_wconf 82' lang='lat'>†)</span> <span class='ocrx_word' id='word_1_223' title='bbox 386 3746 504 3801; x_wconf 88' lang='lat' dir='ltr'>Dianam</span> <span class='ocrx_word' id='word_1_224' title='bbox 518 3748 631 3804; x_wconf 87' lang='lat' dir='ltr'>invasis</span> <span class='ocrx_word' id='word_1_225' title='bbox 645 3749 726 3802; x_wconf 90' lang='lat' dir='ltr'>huius</span> <span class='ocrx_word' id='word_1_226' title='bbox 738 3749 850 3818; x_wconf 87' lang='lat' dir='ltr'>generis</span> <span class='ocrx_word' id='word_1_227' title='bbox 862 3751 976 3818; x_wconf 88' lang='lat' dir='ltr'>nuptias</span> <span class='ocrx_word' id='word_1_228' title='bbox 988 3749 1127 3804; x_wconf 90' lang='lat' dir='ltr'>interdum</span> <span class='ocrx_word' id='word_1_229' title='bbox 1143 3748 1266 3804; x_wconf 89' lang='lat' dir='ltr'>indicare</span> <span class='ocrx_word' id='word_1_230' title='bbox 1279 3754 1395 3820; x_wconf 85' lang='lat' dir='ltr'>apparet</span> 
     </span>
     <span class='ocr_line' id='line_1_32' title="bbox 257 3833 1391 3904; baseline 0.003 -18"><span class='ocrx_word' id='word_1_231' title='bbox 257 3847 292 3886; x_wconf 86' lang='lat' dir='ltr'>ex</span> <span class='ocrx_word' id='word_1_232' title='bbox 316 3833 450 3900; x_wconf 88' lang='lat' dir='ltr'>picturis,</span> <span class='ocrx_word' id='word_1_233' title='bbox 481 3850 552 3904; x_wconf 91' lang='lat' dir='ltr'>quae</span> <span class='ocrx_word' id='word_1_234' title='bbox 577 3835 760 3904; x_wconf 87' lang='lat' dir='ltr'>Proserpinae</span> <span class='ocrx_word' id='word_1_235' title='bbox 787 3840 895 3904; x_wconf 91' lang='lat' dir='ltr'>raptum</span> <span class='ocrx_word' id='word_1_236' title='bbox 923 3841 1135 3904; x_wconf 85' lang='lat' dir='ltr'>repraesentant</span> <span class='ocrx_word' id='word_1_237' title='bbox 1161 3835 1210 3900; x_wconf 84' lang='lat' dir='ltr'>(ci.</span> <span class='ocrx_word' id='word_1_238' title='bbox 1232 3835 1391 3901; x_wconf 78' lang='lat' dir='ltr'>Ouerbcclr,</span> 
     </span>
     <span class='ocr_line' id='line_1_33' title="bbox 255 3919 607 3986; baseline 0.006 -15"><span class='ocrx_word' id='word_1_239' title='bbox 255 3919 291 3973; x_wconf 79' lang='grc' dir='ltr'>Κ.</span> <span class='ocrx_word' id='word_1_240' title='bbox 306 3919 342 3974; x_wconf 85' lang='lat' dir='ltr'>M.</span> <span class='ocrx_word' id='word_1_241' title='bbox 363 3919 412 3984; x_wconf 83' lang='lat' dir='ltr'>lv,</span> <span class='ocrx_word' id='word_1_242' title='bbox 435 3923 475 3985; x_wconf 77' lang='grc' dir='ltr'>ιτ,</span> <span class='ocrx_word' id='word_1_243' title='bbox 497 3923 538 3974; x_wconf 81' lang='lat' dir='ltr'>ne.</span> <span class='ocrx_word' id='word_1_244' title='bbox 554 3925 607 3986; x_wconf 80' lang='lat' dir='ltr'>nr).</span> 
     </span>
    </p>

    <p class='ocr_par' dir='ltr' id='par_1_10' title="bbox 253 4006 1475 4428">
     <span class='ocr_line' id='line_1_34' title="bbox 313 4006 1392 4080; baseline 0.001 -18"><span class='ocrx_word' id='word_1_245' title='bbox 313 4009 360 4069; x_wconf 72' lang='lat' dir='ltr'>tt)</span> <span class='ocrx_word' id='word_1_246' title='bbox 382 4006 447 4062; x_wconf 93' lang='lat' dir='ltr'>Vid.</span> <span class='ocrx_word' id='word_1_247' title='bbox 464 4008 498 4061; x_wconf 90' lang='lat' dir='ltr'>de</span> <span class='ocrx_word' id='word_1_248' title='bbox 516 4007 592 4062; x_wconf 91' lang='lat' dir='ltr'>hisce</span> <span class='ocrx_word' id='word_1_249' title='bbox 611 4013 639 4063; x_wconf 90' lang='lat' dir='ltr'>et</span> <span class='ocrx_word' id='word_1_250' title='bbox 657 4009 721 4063; x_wconf 86' lang='lat' dir='ltr'>aliis</span> <span class='ocrx_word' id='word_1_251' title='bbox 739 4010 769 4064; x_wconf 90' lang='lat' dir='ltr'>id</span> <span class='ocrx_word' id='word_1_252' title='bbox 787 4025 875 4078; x_wconf 90' lang='lat' dir='ltr'>genus</span> <span class='ocrx_word' id='word_1_253' title='bbox 893 4012 1062 4080; x_wconf 88' lang='lat' dir='ltr'>imaginibus</span> <span class='ocrx_word' id='word_1_254' title='bbox 1081 4017 1109 4067; x_wconf 93' lang='lat' dir='ltr'>et</span> <span class='ocrx_word' id='word_1_255' title='bbox 1127 4012 1244 4080; x_wconf 89' lang='lat' dir='ltr'>sculptis</span> <span class='ocrx_word' id='word_1_256' title='bbox 1263 4019 1293 4066; x_wconf 91' lang='lat' dir='ltr'>et</span> <span class='ocrx_word' id='word_1_257' title='bbox 1309 4012 1392 4079; x_wconf 86' lang='lat' dir='ltr'>pictis</span> 
     </span>
     <span class='ocr_line' id='line_1_35' title="bbox 255 4083 1475 4168; baseline 0.007 -25"><span class='ocrx_word' id='word_1_258' title='bbox 255 4090 381 4145; x_wconf 87' lang='lat' dir='ltr'>Iahnium</span> <span class='ocrx_word' id='word_1_259' title='bbox 401 4093 598 4148; x_wconf 86' lang='lat' dir='ltr'>disserentem:</span> <span class='ocrx_word' id='word_1_260' title='bbox 619 4095 681 4148; x_wconf 89' lang='lat' dir='ltr'>Ber.</span> <span class='ocrx_word' id='word_1_261' title='bbox 698 4096 724 4149; x_wconf 89' lang='lat' dir='ltr'>d.</span> <span class='ocrx_word' id='word_1_262' title='bbox 736 4096 843 4151; x_wconf 87' lang='lat' dir='ltr'>saechs.</span> <span class='ocrx_word' id='word_1_263' title='bbox 854 4096 919 4151; x_wconf 85' lang='lat' dir='ltr'>Ges.</span> <span class='ocrx_word' id='word_1_264' title='bbox 934 4100 999 4150; x_wconf 85' lang='lat'>1850</span> <span class='ocrx_word' id='word_1_265' title='bbox 1012 4116 1039 4168; x_wconf 88' lang='lat' dir='ltr'>p.</span> <span class='ocrx_word' id='word_1_266' title='bbox 1050 4101 1098 4150; x_wconf 75' lang='lat'>176</span> <span class='ocrx_word' id='word_1_267' title='bbox 1111 4115 1152 4168; x_wconf 87' lang='lat' dir='ltr'>sq.</span> <span class='ocrx_word' id='word_1_268' title='bbox 1163 4120 1168 4164; x_wconf 88' lang='lat'>;</span> <span class='ocrx_word' id='word_1_269' title='bbox 1180 4083 1278 4168; x_wconf 40' lang='lat' dir='ltr'>‘nuper</span> <span class='ocrx_word' id='word_1_270' title='bbox 1291 4099 1390 4152; x_wconf 92' lang='lat' dir='ltr'>iterum</span> <span class='ocrx_word' id='word_1_271' title='bbox 1469 4109 1475 4118; x_wconf 90' lang='lat'>·</span> 
     </span>
     <span class='ocr_line' id='line_1_36' title="bbox 254 4178 1390 4253; baseline 0.006 -24"><span class='ocrx_word' id='word_1_272' title='bbox 254 4178 366 4230; x_wconf 89' lang='lat' dir='ltr'>easdem</span> <span class='ocrx_word' id='word_1_273' title='bbox 380 4181 489 4234; x_wconf 88' lang='lat' dir='ltr'>erudite</span> <span class='ocrx_word' id='word_1_274' title='bbox 501 4186 530 4235; x_wconf 89' lang='lat' dir='ltr'>et</span> <span class='ocrx_word' id='word_1_275' title='bbox 541 4182 629 4248; x_wconf 89' lang='lat' dir='ltr'>polite</span> <span class='ocrx_word' id='word_1_276' title='bbox 643 4184 777 4238; x_wconf 87' lang='lat' dir='ltr'>tractavit</span> <span class='ocrx_word' id='word_1_277' title='bbox 789 4185 910 4238; x_wconf 85' lang='lat' dir='ltr'>Hersilia</span> <span class='ocrx_word' id='word_1_278' title='bbox 923 4185 1090 4250; x_wconf 88' lang='lat' dir='ltr'>Lovatellia,</span> <span class='ocrx_word' id='word_1_279' title='bbox 1106 4201 1168 4240; x_wconf 91' lang='lat' dir='ltr'>cum</span> <span class='ocrx_word' id='word_1_280' title='bbox 1186 4201 1282 4239; x_wconf 89' lang='lat' dir='ltr'>urnam</span> <span class='ocrx_word' id='word_1_281' title='bbox 1301 4200 1390 4253; x_wconf 89' lang='lat' dir='ltr'>quan·</span> 
     </span>
     <span class='ocr_line' id='line_1_37' title="bbox 253 4263 1417 4336; baseline 0.005 -20"><span class='ocrx_word' id='word_1_282' title='bbox 253 4263 317 4317; x_wconf 79' lang='lat' dir='ltr'>dam</span> <span class='ocrx_word' id='word_1_283' title='bbox 335 4265 364 4318; x_wconf 94' lang='lat' dir='ltr'>in</span> <span class='ocrx_word' id='word_1_284' title='bbox 376 4265 522 4334; x_wconf 84' lang='lat' dir='ltr'>Esquilino</span> <span class='ocrx_word' id='word_1_285' title='bbox 540 4272 677 4336; x_wconf 87' lang='lat' dir='ltr'>repertam</span> <span class='ocrx_word' id='word_1_286' title='bbox 692 4276 849 4324; x_wconf 85' lang='lat' dir='ltr'>enarraret:</span> <span class='ocrx_word' id='word_1_287' title='bbox 871 4272 986 4326; x_wconf 89' lang='lat' dir='ltr'>Bullett.</span> <span class='ocrx_word' id='word_1_288' title='bbox 1002 4272 1077 4326; x_wconf 86' lang='lat' dir='ltr'>della</span> <span class='ocrx_word' id='word_1_289' title='bbox 1095 4288 1191 4326; x_wconf 89' lang='lat' dir='ltr'>comm.</span> <span class='ocrx_word' id='word_1_290' title='bbox 1208 4287 1278 4324; x_wconf 92' lang='lat' dir='ltr'>com.</span> <span class='ocrx_word' id='word_1_291' title='bbox 1296 4273 1369 4326; x_wconf 75' lang='lat'>1880.</span> <span class='ocrx_word' id='word_1_292' title='bbox 1415 4269 1417 4276; x_wconf 79' lang='grc'>’</span> 
     </span>
     <span class='ocr_line' id='line_1_38' title="bbox 285 4351 844 4428; baseline 0.005 -23"><span class='ocrx_word' id='word_1_293' title='bbox 285 4354 353 4418; x_wconf 65' lang='lat' dir='ltr'>lli)</span> <span class='ocrx_word' id='word_1_294' title='bbox 374 4351 508 4407; x_wconf 86' lang='lat' dir='ltr'>Guattani</span> <span class='ocrx_word' id='word_1_295' title='bbox 526 4354 560 4406; x_wconf 93' lang='lat' dir='ltr'>M.</span> <span class='ocrx_word' id='word_1_296' title='bbox 578 4355 598 4408; x_wconf 94' lang='lat' dir='ltr'>l.</span> <span class='ocrx_word' id='word_1_297' title='bbox 623 4358 687 4406; x_wconf 73' lang='lat'>1785</span> <span class='ocrx_word' id='word_1_298' title='bbox 706 4357 809 4428; x_wconf 85' lang='lat' dir='ltr'>giugnc</span> <span class='ocrx_word' id='word_1_299' title='bbox 823 4357 844 4409; x_wconf 88' lang='lat' dir='ltr'>l.</span> 
     </span>
    </p>
   </div>
   <div class='ocr_carea' id='block_1_7' title="bbox 0 0 1630 5130">
    <p class='ocr_par' dir='ltr' id='par_1_11' title="bbox 0 0 1630 5130">
     <span class='ocr_line' id='line_1_39' title="bbox 0 0 1630 5130; baseline 0 13"><span class='ocrx_word' id='word_1_300' title='bbox 0 0 1630 5130; x_wconf 95' lang='lat' dir='ltr'> </span> 
     </span>
    </p>
   </div>
  </div>
 </body>
</html>
