3250 5130
748 351 940 418 ...qa

276 535 317 603 Et
339 535 379 604 de
402 537 564 606 Maenalia
586 542 714 606 volucer
736 544 930 626 Tegeaticus
953 544 1066 610 umbra

277 642 370 707 Serta
392 643 513 724 ferunt;
548 664 609 708 neo
630 645 770 710 blandus
792 647 890 712 Amor
911 667 971 712 nec
994 647 1107 712 Gratia
1130 656 1236 714 cessat

224 766 256 816 ro
275 748 468 832 Amplexum
491 748 602 813 niveos
625 755 755 833 optatae
779 751 922 834 coniugis
946 757 1034 816 artus

275 851 422 916 Floribus
445 851 620 917 innumeris
643 859 674 916 et
697 853 796 918 olenti
819 873 971 938 spargere
997 855 1116 920 nimbo.

275 956 324 1018 Tu
347 955 440 1019 modo
464 955 568 1020 fronte
591 974 694 1039 rosas,
721 956 816 1021 violis
838 957 931 1021 modo
955 957 1026 1022 lilia
1048 958 1148 1022 mixta

273 1057 404 1142 Excipis
428 1064 459 1122 et
481 1057 630 1123 dominae
653 1058 757 1123 niveis
779 1079 800 1123 a
822 1060 962 1126 vultibus
985 1060 1105 1125 obstas.

360 1161 445 1244 Ergo
469 1161 539 1226 dies
562 1161 675 1228 aderat
697 1163 869 1227 Parcarum
893 1163 1038 1228 conditus
1061 1164 1135 1228 albo

223 1284 254 1333 rs
273 1265 414 1347 Vellere,
442 1285 503 1348 quo
527 1265 649 1330 Stellae
665 1265 932 1348 Violentillaeque
955 1267 1118 1350 professus

273 1367 474 1432 Clamaretur
496 1367 625 1451 hymen.
673 1369 788 1433 cedant
811 1389 970 1451 curaeque
993 1377 1172 1452 metusque,
1228 1439 1233 1448 ,

273 1471 409 1536 Cessent
430 1472 602 1536 mendaces
626 1471 746 1554 obliqui
769 1472 918 1536 carminis
940 1479 1042 1552 astus,

272 1575 374 1639 Fama
396 1581 466 1640 tace
478 1600 486 1651 ;
512 1575 610 1640 subiit
632 1575 723 1658 leges
747 1582 779 1640 et
801 1574 892 1640 frena
914 1577 1083 1642 momordit

271 1677 331 1742 Ille
356 1679 478 1742 solutus
501 1699 604 1757 amor;
633 1685 821 1762 consumpta
843 1685 892 1743 est
914 1678 1026 1744 fabula
1048 1680 1138 1762 vulgi

221 1801 253 1849 so
271 1782 312 1845 Et
334 1787 465 1846 narrata
488 1782 543 1846 diu
567 1781 714 1846 viderunt
738 1781 849 1846 oscula
872 1782 968 1846 cives.

271 1886 320 1949 Tu
343 1891 451 1950 tamen
474 1885 641 1966 attonitus,
668 1886 815 1970 quamvis
839 1885 916 1950 data
939 1887 1031 1971 copia
1053 1891 1161 1951 tantae

271 1988 387 2072 Sertis,
415 1989 520 2053 adhuc
542 1995 634 2073 optas
656 1989 877 2073 permissaque
900 1990 1030 2056 numine
1054 1989 1164 2056 dextro

271 2092 353 2157 Vota
375 2111 486 2176 paves.
533 2112 616 2176 pone
639 2111 657 2155 o
681 2091 784 2157 dulcis
809 2093 949 2177 suspiria
971 2099 1072 2174 vates,

270 2196 373 2260 Pone:
401 2202 457 2259 tua
479 2201 539 2260 est.
586 2195 662 2260 licet
688 2196 867 2280 expositum
889 2217 946 2280 per
968 2196 1068 2261 limen
1090 2203 1200 2282 aperto

218 2317 250 2367 35
269 2297 335 2382 Ire,
361 2297 608 2381 redire-gradu;
635 2299 700 2362 iam
723 2316 880 2380 nusquam
902 2299 1018 2364 ianitor
1040 2305 1096 2363 aut
1118 2301 1172 2364 lex

269 2404 332 2466 Aut
354 2401 466 2486 pudor.
513 2402 665 2485 amplexu
687 2401 817 2466 tandem
841 2401 958 2466 satiare
980 2402 1081 2486 petito

274 2505 458 2590 (Contigitl)
486 2511 517 2569 et
539 2505 636 2569 duras
659 2505 779 2589 pariter
801 2498 1006 2571 reminiscere
1028 2512 1148 2571 noctes.

268 2609 376 2692 Digna
399 2609 528 2692 quidem
551 2628 691 2692 merces,
718 2615 749 2673 et
772 2607 798 2672 si
821 2607 880 2673 tibi
902 2608 981 2674 Iuno
1004 2609 1132 2676 labores

267 2713 459 2793 Herculeos,
487 2711 610 2796 Stygiis
633 2711 714 2776 etsi
737 2731 923 2776 concurrere
945 2711 1095 2778 monstris

217 2836 250 2885 40
268 2817 349 2880 Fata
371 2815 498 2898 darent,
527 2815 554 2880 si
576 2815 724 2900 Cyaneos
746 2835 898 2898 raperere
921 2835 979 2898 per
1000 2821 1120 2880 aestus.

268 2919 359 2984 Hanc
381 2925 509 3004 propter
531 2917 612 2984 tanti
634 2918 750 2983 Pisaea
772 2919 845 3001 lege
868 2923 1056 2984 trementem

339 3197 369 3247 18
389 3196 527 3262 tegeticus
540 3195 569 3246 R
587 3197 597 3258 ll
619 3195 649 3244 19
668 3192 751 3248 Serta
763 3197 804 3246 A:
825 3192 908 3248 Secta
921 3213 937 3247 a
948 3193 951 3262 l
963 3210 1014 3248 nec
1024 3200 1062 3248 A:
1084 3210 1135 3249 nec
1148 3200 1177 3249 te
1196 3213 1212 3247 a
1225 3197 1236 3260 11
1249 3197 1278 3246 21
1291 3195 1401 3266 tymbra

267 3303 283 3336 o
302 3285 313 3348 ΙΙ
333 3284 364 3334 22
381 3281 471 3335 fronte
484 3287 523 3333 A:
544 3278 622 3354 fonte
641 3297 657 3330 a
674 3277 677 3348 Ι
694 3281 785 3334 mollis
804 3299 833 3342 α,
853 3281 882 3333 ui
900 3297 982 3349 sopra
997 3273 1117 3349 priorum
1135 3281 1252 3334 litteram
1270 3283 1333 3336 add.
1354 3286 1380 3336 A
1393 3283 1403 3351 ΙΙ

267 3371 298 3420 23
321 3369 451 3422 dominae
475 3367 552 3419 edd:
573 3367 693 3420 dominis
712 3366 822 3419 RBMa
837 3371 841 3434 Ι
857 3367 955 3420 nitidis
974 3367 1154 3419 Moeleloredos
1174 3371 1184 3433 11
1206 3370 1237 3418 27
1257 3369 1401 3422 mordaces

267 3455 373 3508 Marici.
392 3455 395 3523 l
412 3454 496 3508 astris
515 3471 532 3504 a
556 3467 641 3506 ausus
661 3452 791 3504 Heinsius
808 3454 818 3517 ΙΙ
837 3455 870 3503 30
888 3459 1000 3507 narrata
1016 3455 1058 3506 A:
1080 3459 1180 3508 natura
1198 3473 1214 3506 o
1231 3457 1241 3520 ΙΙ
1260 3455 1291 3505 32
1311 3449 1401 3508 Sertis

267 3540 390 3595 Markl:
416 3540 515 3595 Noctis
534 3539 642 3592 RBMo
668 3537 672 3608 Ι
696 3539 888 3607 promissaque
908 3539 954 3592 Ro
984 3537 1054 3592 idem
1074 3539 1184 3609 praehet
1202 3541 1229 3594 B
1256 3540 1295 3592 ira
1314 3545 1401 3594 morea

265 3632 295 3679 at
319 3643 335 3680 o
360 3643 391 3678 ee
409 3641 424 3679 e
441 3627 525 3694 foeta
542 3627 662 3678 videatur
680 3626 716 3679 dc
735 3624 925 3692 premissaque
946 3625 991 3690 (de
1008 3627 1050 3677 m2
1068 3627 1130 3690 del.)
1158 3626 1196 3678 M
1210 3625 1400 3696 permissaque

267 3712 398 3766 Heinsius
418 3713 422 3776 Ι
445 3713 544 3765 dextra
567 3712 605 3764 M
620 3727 637 3765 a
655 3711 683 3763 io
702 3727 718 3764 o
737 3711 849 3764 oratamt
867 3711 909 3762 m‘2
921 3709 949 3764 iu
962 3713 989 3764 B
1013 3714 1023 3776 ΙΙ
1048 3713 1079 3762 33
1101 3727 1189 3779 panes
1208 3714 1250 3765 A:
1271 3729 1343 3781 pauc
1362 3731 1379 3766 o
1391 3711 1400 3779 ΙΙ

266 3801 298 3850 34
312 3799 469 3868 expositum
481 3828 514 3836 —
529 3801 626 3867 aperto
639 3799 680 3850 A:
697 3797 852 3865 expositam
864 3802 1007 3866 —aperta
1021 3817 1037 3849 a
1056 3800 1066 3862 11
1085 3801 1117 3849 35
1128 3807 1188 3868 port
1201 3813 1336 3866 nusquam
1353 3799 1400 3850 de—

265 3938 344 3991 letum
363 3887 398 4006 gd
412 3937 451 3989 M
463 3938 473 4002 ΙΙ
493 3939 525 3988 36
544 3905 658 3992 Saotero
671 3938 697 3988 A
708 3937 712 4006 l
725 3939 795 3987 tolus
812 3953 901 3989 versus
919 3936 991 3988 deest
1009 3935 1037 3988 iu
1056 3953 1086 3997 a,
1107 3935 1215 3990 additus
1233 3955 1250 3989 o
1264 3936 1398 4014 Politiopo

264 4026 293 4078 in
305 4043 409 4096 marp.;
429 4022 519 4076 oltirru'
530 4028 616 4076 tameo
628 4022 751 4076 vocabas·
765 4021 879 4092 (petito)
891 4027 1003 4092 propter
1014 4023 1146 4075 desectam
1163 4023 1311 4094 erroryr'uem
1323 4021 1399 4074 lodie

263 4111 333 4164 nillil
354 4115 472 4180 superest
490 4108 545 4162 nisi
556 4107 648 4178 priora
666 4108 755 4161 le'tlero
774 4126 805 4160 oe
824 4099 857 4160 lte
875 4107 938 4162 daeo
957 4108 1061 4177 quidem
1081 4107 1184 4180 integra
1202 4109 1293 4177 potito
1313 4106 1381 4160 Itali
1390 4106 1400 4176 ll

264 4199 294 4247 37
317 4214 370 4266 pro
395 4195 479 4248 duras
503 4196 584 4250 coluit
611 4195 712 4250 viduus
739 4196 763 4248 Ι.
784 4194 952 4258 Cornelissen
971 4195 1146 4264 Mnemosyne
1166 4196 1202 4248 N.
1220 4196 1248 4246 S.
1277 4195 1307 4257 V,
1329 4193 1397 4260 279l

262 4287 294 4336 40
314 4289 424 4338 truncos
441 4283 469 4333 R
493 4283 605 4335 oianoos
624 4301 639 4333 o
656 4279 659 4351 l
676 4297 805 4350 raperere
824 4283 865 4334 A:
887 4285 998 4350 reptare
1017 4300 1034 4334 a
