3250 5130
681 385 895 446 „43-

221 589 313 635 sacra
343 572 522 658 lectumque
557 571 717 654 genialem
750 576 857 654 parat3
894 571 958 634 iam
992 571 1132 660 undiquc
1166 571 1357 636 conveniunt

220 673 361 756 equites,
388 673 611 756 magistratus,
638 674 777 738 feminae
794 674 932 752 nobilem
960 675 1035 739 dum
1059 673 1228 738 multitudo
1251 694 1363 739 rerum.

222 776 347 841 curiosa
380 783 454 842 ante
492 784 601 860 portas
639 796 673 840 se
711 777 836 860 premit.
899 777 1044 842 Tandem
1077 776 1213 842 feliciter
1246 777 1357 842 dixere

220 885 334 944 testes:
361 880 573 945 caerimoniae
596 881 689 944 adest
710 880 801 956 finis3
827 881 918 944 brevi
941 886 1014 964 post
1036 880 1170 945 thalami
1193 880 1315 945 foribus
1338 901 1357 944 a

220 983 422 1054 multitudine
446 990 654 1048 secernuntur
677 983 792 1064 mariti,
819 982 936 1063 quihus
959 985 1166 1067 Hymenaeus
1198 982 1357 1068 epithala-

219 1085 319 1150 mium
343 1106 458 1183 canere
482 1085 598 1151 studet.

305 1189 443 1266 Quorum
480 1189 620 1253 omnium
653 1189 686 1253 in
720 1187 929 1272 sarcophagis
962 1189 1008 1252 nil
1042 1190 1143 1254 habes
1176 1191 1238 1254 nisi
1270 1190 1350 1255 dno:

219 1292 375 1357 sacrificia
396 1299 428 1358 et
450 1299 566 1371 testes;
594 1292 635 1356 de
657 1292 773 1375 quibus
796 1312 900 1375 pauca
922 1313 1006 1357 nunc
1028 1292 1144 1356 dicam.

305 1397 412 1459 Prima
433 1403 560 1480 praesto
576 1395 676 1460 fuisse
700 1395 833 1459 socialia
855 1395 963 1460 omina
978 1396 1099 1460 Statius
1123 1402 1244 1474 narrat;
1271 1416 1355 1477 quae

219 1499 394 1582 posteriore
416 1507 560 1582 tempore
584 1518 710 1582 semper
725 1519 765 1562 ex
789 1499 872 1563 extis
895 1499 1220 1582 cognoscebantur*l.
1267 1499 1354 1565 Deo-

219 1621 288 1690 rum
318 1609 426 1667 autem
448 1603 597 1666 voluntas
628 1608 662 1665 ut
690 1601 916 1684 impediretur,
944 1603 1078 1666 arietem
1108 1602 1263 1666 cecidisse
1286 1601 1354 1667 Iovi

220 1724 345 1769 sacrum
375 1706 442 1770 veri
471 1705 680 1770 reddiderunt
709 1705 906 1769 simrllimum
937 1705 1140 1787 Karlowa**)
1177 1711 1209 1770 et
1238 1704 1355 1790 Stude7

218 1807 356 1872 mundus
364 1809 442 1887 llll.
476 1808 567 1887 Quod
590 1807 779 1874 sacrificium
803 1813 932 1873 extatnc
951 1809 984 1871 in
1001 1807 1211 1892 sarcophagis
1219 1814 1233 1870 “l
1255 1809 1354 1872 Ross-

218 1911 352 1976 bachius
370 1912 541 1996 primum†)
562 1913 595 1976 in
612 1911 810 1996 sarcophago
826 1910 1042 1976 Laurentiano
1065 1912 1130 1974 tale
1154 1909 1230 1993 quid
1252 1931 1354 1993 agno-

112 2074 114 2080 ,
218 2015 370 2079 scendum
395 2016 495 2094 duxit,
516 2014 690 2095 deindeffi)
713 2013 904 2088 sententiam
927 2014 1043 2080 mirum
1067 2033 1144 2078 sane
1167 2013 1201 2077 in
1224 2007 1353 2078 modum

218 2119 364 2183 mutavit.
422 2119 508 2184 Dicit
545 2118 635 2182 enim.
662 2117 824 2182 hominem
858 2119 1001 2181 velatum
1038 2119 1187 2182 volumen
1224 2116 1354 2182 sinistra

217 2228 379 2286 tenentem
403 2243 443 2287 ex
458 2223 556 2286 Peleo
579 2240 650 2286 esse
674 2221 944 2295 transformatum,
970 2221 1024 2304 qui
1047 2219 1178 2284 deorum
1201 2240 1352 2304 pompam

141 2409 145 2414 .
218 2331 397 2408 exspectem
425 2325 475 2390 cui
496 2345 633 2409 pompae
649 2330 797 2408 quattuor
819 2324 893 2388 illas
915 2325 949 2386 in
971 2323 1101 2387 sinistra
1123 2329 1215 2407 parte
1231 2323 1352 2406 figuras

218 2429 448 2512 comparandas
471 2447 554 2507 esse,
588 2434 737 2511 quattuor
766 2434 873 2498 autem
901 2427 1076 2503 columnas,
1110 2426 1144 2490 in
1174 2427 1289 2509 quibus
1308 2447 1352 2491 're

216 2552 293 2595 vera
315 2532 420 2614 posita
451 2537 500 2596 est
527 2531 655 2614 tabula,
690 2531 875 2596 memoriam
905 2530 1020 2594 afferre
1049 2531 1200 2612 thalami,
1234 2531 1267 2594 in
1290 2551 1351 2613 quo

217 2634 329 2698 Thetis
359 2635 482 2699 sedeat.
529 2635 642 2716 Itaque
666 2641 715 2700 sat
748 2634 901 2699 audacter
935 2635 1074 2698 scribere
1099 2655 1171 2699 ‘non
1203 2639 1348 2698 veretur:

225 2741 324 2802 Uasco
356 2738 472 2821 Relief
500 2738 542 2800 ist
574 2737 641 2800 cine
664 2737 755 2821 frede
788 2739 855 2800 aad
886 2737 1103 2800 modernisirtc
1142 2731 1353 2821 Ubersctzunq

218 2838 300 2902 eines
322 2839 580 2924 eltqueclzlseleen
607 2839 769 2922 Oripc'nols
792 2840 825 2902 ia
853 2840 902 2902 dle
928 2851 1007 2904 edm.
1034 2840 1272 2922 Konstspraehc
1296 2841 1352 2902 der

225 2943 413 3027 Verfallzeit
433 2944 464 3014 d.
485 2963 512 3006 o.
531 2965 563 3027 p.
584 2946 650 3026 55).
697 2943 809 3024 Neque
833 2963 908 3007 vero
930 2943 964 3006 in
987 2943 1047 3008 hoc
1069 2942 1229 3024 acquievit
1251 2943 1351 3007 Ross-

215 3045 359 3126 bachius,
380 3046 436 3110 sed
460 3065 593 3128 parvum
616 3065 760 3129 puerum,
780 3047 834 3129 qui
849 3046 982 3111 arietem
998 3046 1140 3128 adducit,
1158 3046 1350 3112 Mercurium

216 3167 288 3214 esse
302 3149 355 3212 vel
372 3148 546 3230 aliquando
569 3148 670 3213 luisse
693 3149 785 3213 nobis
807 3148 1003 3233 persuadere
1027 3157 1168 3214 conatur.
1201 3149 1352 3213 Attamen

217 3252 354 3316 dubitari
378 3245 498 3332 neduit,
526 3251 602 3332 quin
626 3258 773 3333 quattuor
802 3251 928 3316 mediae
956 3251 1079 3334 figurae
1109 3253 1151 3316 ad
1174 3254 1350 3316 Romanum

215 3355 395 3438 pertineant
417 3354 617 3433 sacrificium,
636 3354 670 3418 in
692 3374 753 3436 quo
776 3355 900 3419 nullum
923 3355 1027 3419 locum
1043 3356 1142 3420 habet
1162 3356 1274 3420 tabula
1295 3355 1353 3418 illa

216 3458 248 3521 in
273 3463 422 3538 quattuor
445 3457 550 3540 posita
573 3457 738 3521 columnis.
775 3455 860 3533 Quid
883 3457 967 3522 eninr
992 3459 1095 3542 magis
1117 3458 1279 3542 proprium
1303 3465 1353 3524 est

216 3563 357 3625 Romano
379 3561 510 3643 ingenio
527 3579 622 3640 quam
645 3559 678 3624 hi
700 3567 765 3624 tres
782 3561 911 3638 camilli,
931 3561 984 3625 hio
1001 3561 1106 3644 capite
1122 3562 1228 3627 velato
1252 3562 1352 3626 sacri-

215 3664 315 3728 ficans
342 3663 454 3744 homo,
489 3663 578 3726 ouius
608 3663 641 3726 in
670 3683 767 3727 manu
790 3663 941 3728 volumen
968 3664 1051 3728 illud
1081 3665 1262 3730 sexcenties
1292 3666 1351 3730 tibi

215 3768 371 3832 occurrit?
393 3769 453 3831 hoc
475 3768 544 3832 loco
566 3766 729 3849 nuptiales
752 3767 887 3832 fortasse
910 3767 1071 3850 significat
1093 3769 1242 3852 tabellae,
1269 3789 1350 3850 quas

302 3956 325 4018 *l
345 3955 508 4024 Marquardt
526 3956 544 4008 l.
557 3971 581 4008 c.
597 3958 639 4006 45.

285 4039 324 4104 **)
344 4040 461 4094 Formen
481 4041 507 4093 d.
523 4044 591 4094 rom.
606 4040 666 4094 Ehe
685 4057 711 4093 u.
727 4041 825 4094 Manus
843 4044 925 4108 p.10.

267 4124 322 4189 ***l
342 4126 533 4194 Wiirzhurger
551 4127 753 4182 Philol.-Vcrs.
778 4129 852 4185 1863,
873 4144 900 4195 p.
916 4129 972 4182 125.

295 4215 323 4276 l)
343 4211 592 4280 Untersnchungen
613 4212 683 4265 iiher
701 4212 727 4264 d.
744 4215 810 4264 rdrn.
827 4211 887 4265 Ehe
906 4229 933 4280 p.
950 4215 1008 4267 380.

277 4301 325 4362 Η)
346 4295 569 4351 Ehedenkm'ailer·
586 4299 605 4350 l.
617 4313 639 4350 c.
