3250 5130
588 348 902 452 '-23-

228 600 295 645 rem
317 585 383 644 tam
405 578 509 644 subito
532 577 718 643 felicissime
746 596 933 643 conversam
955 563 1019 642 non
1047 583 1153 660 potest
1181 597 1362 660 nonquam

228 682 366 748 maxime
389 681 551 748 celebrare
579 682 770 764 (201-218)
798 686 895 762 atque
918 679 960 745 ad
989 681 1158 764 augendos
1181 681 1275 746 amici
1304 683 1363 747 bo-

227 805 321 852 nores
343 784 434 850 addit
455 785 555 850 allato
578 785 619 850 de
634 783 839 850 Violentillae
861 783 1019 869 promisso
1044 782 1156 850 nuntio
1179 785 1363 870 Apollinem

220 896 260 980 ¹et¹
278 888 440 955 Bacchum
463 889 569 953 statim
589 889 650 954 iter
672 907 816 972 parasse,
836 887 913 969 quin
936 887 1032 952 etiam
1056 907 1147 954 caras
1163 888 1263 954 inisse
1279 889 1364 956 fores

233 995 455 1077 (219-228);
487 990 522 1056 id
544 990 629 1074 quod
650 1011 786 1076 vespere
808 991 936 1056 videtur
957 991 1076 1057 factum
1103 1010 1175 1057 esse
1199 993 1268 1058 eius
1299 992 1364 1074 diei

228 1115 289 1178 quo
318 1094 452 1178 nuptiae
481 1094 693 1159 celebrantur.
739 1093 824 1158 Nam
851 1093 941 1178 prius
971 1115 1069 1177 quam
1097 1093 1149 1159 die
1164 1095 1363 1179 ,nuptiarum

227 1198 297 1282 ipso
326 1217 381 1264 eos
410 1197 581 1263 advenisse
610 1203 746 1281 apparet
775 1217 816 1262 ex
838 1197 963 1280 verbis,
997 1217 1080 1280 quae
1110 1205 1359 1280 sequuntur:

236 1298 394 1365 Vixdum
416 1301 528 1364 emmau
551 1300 617 1364 dies
636 1350 642 1362 .
660 1351 666 1362 .
686 1347 744 1365 ...
770 1306 865 1382 atque
888 1321 929 1366 ex
951 1321 983 1365 v.
1005 1305 1042 1364 17
1061 1319 1122 1382 sq.,
1149 1299 1204 1366 ubi
1226 1301 1286 1367 boo
1310 1301 1363 1368 die

229 1404 350 1470 Stellae
365 1425 439 1470 cum
453 1403 608 1470 Mercurio
624 1411 710 1470 serta
724 1404 840 1487 ferunt,
864 1403 899 1470 id
921 1404 1007 1487 quod
1021 1424 1222 1488 nequaquam
1240 1408 1300 1469 225
1310 1424 1360 1488 sq.

229 1505 362 1572 faciunt.

314 1609 365 1674 Ita
392 1614 488 1694 poeta
515 1615 685 1694 postquam
715 1609 822 1675 omnia
851 1609 1026 1688 enarravit,
1060 1630 1144 1693 quae
1172 1617 1248 1676 ante
1277 1607 1363 1676 diem

228 1713 404 1797 nuptialem
435 1718 528 1796 gesta
561 1713 637 1778 sunt
657 1751 699 1759 —
722 1733 921 1778 communem
952 1734 1082 1798 operam
1112 1713 1259 1795 deorum,
1286 1713 1364 1779 Vio-

228 1816 371 1882 lentillae
399 1823 522 1899 votum,
555 1817 728 1882 adventum
750 1817 910 1900 Apollinis
940 1823 973 1882 et
993 1817 1114 1883 Bacchi
1136 1856 1177 1866 -
1200 1817 1265 1882 iam
1287 1817 1363 1882 inde

229 1940 249 1984 a
270 1939 365 1985 versu
381 1922 443 1984 229
466 1941 506 1986 ea
528 1919 688 2004 depingit,
715 1940 798 2003 quae
821 1939 915 2003 quam
938 1919 1029 1985 initio
1053 1920 1202 1986 carminis
1225 1919 1363 1986 vidimus

229 2023 466 2104 caerimoniam,
492 2030 737 2108 praecesserunt
760 2024 982 2109 -auspicia,
1015 2045 1098 2107 quae
1129 2045 1225 2090 mane
1254 2024 1364 2090 obser-

229 2132 306 2192 vata
327 2145 399 2192 esse
422 2129 577 2212 notum*)‚
603 2133 768 2210 totumque
791 2127 918 2192 omnino
941 2133 1142 2212 apparatum,
1168 2148 1230 2210 quo
1254 2130 1365 2214 splen·
1437 2115 1438 2120 ἵ

229 2229 284 2296 det
306 2236 438 2312 utraque
461 2231 586 2296 domus.
623 2232 662 2296 V.
682 2233 742 2296 233
767 2237 874 2296 autem
904 2250 1035 2315 prorsus
1068 2231 1210 2297 redimus
1239 2233 1282 2298 ad
1311 2253 1359 2315 ea,

230 2352 312 2416 quae
327 2354 357 2398 v.
378 2337 417 2397 47
427 2353 474 2416 sq.
501 2333 699 2416 reliquimus.
738 2335 887 2416 Namque
909 2341 944 2399 ut
959 2355 990 2399 v.
1009 2337 1049 2398 48
1068 2334 1108 2400 de
1130 2335 1238 2400 multis
1261 2336 1365 2419 magi·
1404 2352 1406 2356 ·

229 2437 382 2504 stratibus
396 2437 439 2502 ad
455 2437 584 2502 domum
600 2437 804 2503 Violentillae
819 2437 1021 2502 venientibus
1038 2436 1156 2503 dictum
1179 2443 1229 2504 est
1254 2488 1360 2502 .....
1458 2448 1462 2456 “

230 2549 260 2605 et
278 2541 376 2605 malta
391 2539 690 2624 perseuerantiae
713 2539 843 2625 cispa,
869 2541 915 2605 ita
930 2541 991 2606 hoo
1006 2541 1090 2606 loeo:
1124 2541 1232 2605 Omnis
1254 2541 1360 2626 bonor,

231 2645 336 2708 coacti
356 2643 483 2708 caniani
510 2646 554 2708 ad
582 2643 692 2708 limiae
712 2643 858 2728 fasces
885 2644 941 2726 (ita
971 2643 1100 2728 quidem
1130 2645 1230 2710 multo
1258 2645 1364 2729 aptius

230 2769 302 2814 oum
324 2747 455 2828 ceteris,
482 2747 537 2830 qui
560 2747 600 2814 de
619 2747 679 2813 boc
701 2748 771 2813 loco
794 2747 1007 2831 scripserunt,
1035 2747 1125 2832 alapa
1146 2747 1364 2832 interpreteris

219 2851 384 2936 fascibus,
412 2871 506 2932 quam
530 2851 558 2916 si
581 2871 652 2915 oum
674 2850 873 2916 Rossbaobio
896 2855 1018 2918 statuas
1047 2851 1081 2933 (l.
1102 2871 1130 2916 c.
1153 2845 1364 2934 335)‘multi-

230 2954 373 3020 tudinem
417 2955 547 3020 maritos
584 2959 806 3038 expectantem
843 2954 1046 3038 impatienter
1083 2954 1196 3020 limina
1232 2956 1363 3040 pulsare

230 3057 354 3141 virgis).
1020 3112 1024 3122 .

316 3160 530 3244 Sequentibus
560 3160 707 3226 versibus
739 3160 855 3226 acriter
881 3161 983 3226 oculis
1013 3162 1222 3228 obversantur
1250 3161 1285 3242 ii,
1311 3161 1366 3245 qui

230 3271 304 3354 ante
327 3271 436 3349 portas
461 3270 547 3330 stant
569 3264 769 3348 expectaturi
791 3265 860 3330 sive
882 3264 1070 3348 ingressuri.

316 3369 354 3432 In
376 3367 470 3440 domo
492 3367 565 3451 ipsa
587 3375 695 3433 autem
719 3373 793 3432 s'unt
821 3375 944 3452 testes,
957 3370 1013 3452 qui
1041 3378 1188 3454 atrosque
1208 3369 1366 3455 felices

231 3472 374 3538 vocando
390 3471 521 3536 maritos
537 3472 799 3554 congratulantur
820 3472 869 3553 (de
882 3472 1040 3556 feliciter,
1057 3473 1177 3558 felicia
1198 3472 1365 3540 vocabulis

231 3574 296 3639 vid.
322 3594 406 3657 quae
429 3573 596 3638 adnotavit
617 3573 842 3655 Marquardtus
865 3576 887 3638 l.
901 3594 928 3640 o.
948 3577 1015 3658 51).

317 3677 443 3744 Deinde
459 3677 515 3743 ubi
530 3677 658 3743 dextras
681 3677 853 3745 iunxerunt
867 3678 971 3744 mariti
988 3717 1029 3727 -
1045 3699 1149 3764 neque
1165 3679 1250 3745 enim
1273 3678 1366 3762 quid-

232 3803 327 3866 quam
349 3781 439 3848 aliud
462 3781 645 3866 significare
667 3790 802 3867 possunt
823 3784 939 3849 verba:
1048 3869 1049 3874 ἵ

567 3888 623 3950 aar
643 3889 726 3950 Iaao
743 3888 883 3950 carenda

369 3979 504 4044 Vincula
526 3989 557 4044 et
579 3981 709 4067 iaripaa‘s
730 3981 870 4066 pemiaat
896 3980 1072 4046 Concordia
1095 3982 1203 4046 taedas
1227 4017 1264 4029 -

232 4083 456 4150 caerimoniam
477 4085 569 4150 illam
586 4085 767 4154 describere
783 4085 902 4151 desinit
923 4089 1020 4169 poeta
1042 4083 1089 4150 nil
1111 4085 1202 4151 nobis
1225 4083 1265 4150 de
1287 4104 1369 4150 cena

139 4251 142 4260 ,
230 4207 377 4265 narrans,
403 4205 498 4269 quam
521 4189 709 4272 plerumque
738 4190 772 4255 in
794 4189 888 4256 domo
917 4208 1055 4272 sponsae
1078 4189 1272 4255 celebratam
1295 4207 1367 4255 esse

300 4337 324 4398 *l
345 4335 509 4404 Marquardt
525 4335 544 4387 l.
556 4351 580 4388 c.
595 4335 638 4389 45.
