3250 5130
657 423 982 482 -19-.

269 610 377 674 Omnis
396 610 517 692 plebeio
541 610 654 672 teritur
670 617 840 692 praetecta
863 607 1007 670 tumultu.

265 715 355 777 Hirro
377 735 479 798 aquea,
502 713 576 776 biae
598 713 742 775 iocatum
764 719 884 775 coetus:
909 711 991 773 stola
1013 709 1112 773 mictu
1135 710 1268 772 laborat.
1323 740 1327 744 ·

286 815 379 893 Quod
409 835 602 898 quamquam
633 817 797 898 eleganter
826 814 1041 896 excogitatum
1071 819 1138 894 ost,
1163 819 1272 876 tamen
1299 817 1334 896 et

201 918 306 983 acrius
329 919 464 984 fortasse
487 919 521 983 in
542 913 604 983 hac
625 918 807 983 narratione
835 918 943 999 imago
966 917 1024 981 illa
1045 923 1121 980 autc
1143 916 1254 980 oculos
1275 935 1335 999 po·
1414 916 1419 924 '

201 1023 287 1087 nitur
309 1029 341 1087 et
366 1023 411 1105 (id
432 1022 518 1103 quod
542 1022 657 1085 summi
680 1028 728 1086 est
750 1020 912 1103 momenti)
940 1021 1023 1084 stola
1051 1019 1135 1084 inter
1156 1019 1281 1100 equites
1303 1024 1335 1082 ct

201 1125 335 1190 iuvenes
364 1125 465 1189 mixta
494 1131 663 1189 venustum
693 1124 754 1188 illa
781 1124 910 1207 quidem
939 1123 1073 1207 praebet
1102 1123 1330 1206 spectaculum,

204 1227 261 1292 sed
284 1248 362 1293 cave
385 1234 479 1310 putes
502 1221 627 1309 equites
649 1227 709 1290 hoc
737 1227 843 1311 ipsum
866 1228 990 1307 decere,
1018 1225 1114 1290 simul
1143 1245 1215 1289 cum
1244 1225 1336 1289 iuve-

203 1332 297 1395 nibus
319 1337 481 1394 matronas
504 1350 629 1412 urgere.
677 1330 889 1407 Quamobrem
920 1351 993 1394 cum
1015 1329 1182 1394 Bemartio
1212 1329 1333 1392 scribo:

204 1435 293 1498 Hinc
316 1457 423 1516 aquea,
450 1433 522 1495 binc
545 1433 688 1495 iuuenum
719 1441 808 1496 coetu
836 1433 919 1495 stola
948 1433 1047 1496 mictu
1071 1433 1204 1495 laborat.
1234 1431 1336 1508 Quae

204 1537 250 1600 ita
271 1543 346 1600 sunt
367 1535 604 1616 intellegenda:
629 1536 780 1600 iuvenum
803 1541 905 1616 coetu,
935 1535 989 1618 qui
1016 1542 1151 1618 nuptam
1175 1535 1256 1598 forte
1279 1533 1337 1598 do-

205 1661 290 1703 mum
307 1639 530 1704 deducendam
543 1635 749 1724 cxpefflantes
761 1639 803 1703 ad
814 1645 923 1722 portas
939 1644 1034 1721 stant,
1047 1639 1198 1704 laborant
1208 1637 1337 1702 domum

205 1743 309 1826 ipsam
331 1743 508 1825 ingressuri
530 1751 563 1807 et
584 1743 708 1825 equites
724 1751 755 1806 et
776 1749 951 1825 matronae,
971 1763 1053 1825 quae
1077 1762 1142 1806 non
1161 1749 1196 1807 ut
1209 1741 1340 1806 Homeri

91 1853 93 1860 ’
205 1847 401 1931 temporibus
434 1843 615 1926 ἑστάμεναι
643 1843 826 1927 θαύμαζον
849 1843 908 1910 ἐπὶ
937 1843 1168 1930 προθύροισιν
1198 1842 1336 1930 ἑκάστη,

207 1950 265 2014 sed
286 1951 378 2033 ipsae
401 1950 520 2013 adsunt
541 1948 646 2014 festis.
684 1949 737 2013 Sic
759 1949 787 2014 si
810 1949 1027 2030 statuerimus,
1047 1948 1225 2014 Baehrensi
1241 1947 1340 2012 Gras-

206 2052 398 2134 bergerique
421 2050 512 2115 flocci
534 2051 690 2115 faciemus
708 2071 825 2134 nugas.
864 2051 1083 2117 Baehrensius
1106 2051 1191 2115 enim
1213 2056 1342 2140 praeter

208 2161 381 2220 contortam
404 2155 495 2218 illam
517 2155 806 2238 interpunctionem
822 2175 948 2219 omnem
971 2175 1075 2218 rerum
1092 2173 1246 2218 conexum
1267 2173 1342 2238 per-

207 2265 381 2323 vertentem
404 2258 501 2322 etiam
524 2258 557 2322 in
580 2278 618 2322 eo
640 2265 763 2342 peccat,
790 2257 876 2340 quod
901 2257 942 2322 ab
966 2258 1080 2322 Latino
1104 2257 1222 2322 dictum
1251 2263 1344 2340 putat

207 2361 334 2425 homine
355 2362 559 2445 iuuenumque
580 2370 668 2424 arto
691 2392 732 2415 =
760 2363 927 2444 Gedrdupe
949 2362 1005 2424 der
1026 2361 1215 2445 Ju'upliupe3
1243 2360 1343 2424 Gras-

208 2465 324 2546 berger
341 2471 448 2529 autem
471 2464 608 2529 ridicula
625 2485 702 2530 sane
716 2464 823 2545 infert,
845 2484 916 2529 oum
933 2463 1048 2529 conicit
1070 2464 1215 2526 iuuenum
1238 2463 1343 2526 cineta

209 2589 246 2632 eo
262 2567 404 2648 consilio,
424 2575 459 2632 ut
474 2574 506 2631 et
520 2568 745 2632 vestimentum
769 2567 893 2649 aliquid
917 2569 1019 2632 stolae
1042 2574 1220 2652 opponatur
1240 2566 1343 2648 (quasi

210 2672 301 2752 stola,
327 2671 362 2734 id
384 2677 433 2734 est
455 2677 610 2751 matrona,
645 2691 708 2735 non
736 2670 931 2755 respondeat
959 2671 1067 2754 equiti)
1095 2677 1128 2734 et
1155 2670 1189 2734 in
1202 2689 1204 2694 ·
1217 2668 1344 2754 plebeio

209 2775 346 2839 tumultu
377 2794 494 2857 operae
524 2773 713 2853 indicentur,
746 2773 851 2838 cinctu
882 2781 1044 2838 matronas
1074 2773 1260 2855 equitesque
1289 2792 1344 2836 ur-

211 2884 333 2959 gentes.
381 2877 475 2942 Unde
503 2884 611 2941 autem
645 2877 727 2941 sciat
750 2877 895 2968 iuvenes
931 2878 1007 2942 illos
1043 2877 1091 2942 nil
1127 2876 1190 2940 nisi
1228 2895 1343 2960 operas

93 2999 97 3004 ·
211 2979 330 3061 fuisse,
356 2979 442 3043 unde
465 2979 602 3054 cinctum
630 2979 681 3060 (cf.
706 3000 789 3062 quae
820 2979 861 3044 de
890 2980 949 3044 hoc
971 2980 1128 3044 vocabulo
1151 2979 1195 3044 ad
1216 2998 1344 3043 versum

215 3085 253 3144 13
276 3103 374 3166 supra
404 3082 481 3164 dixi)
509 3075 585 3144 κατ’
610 3079 728 3168 ἕξσχήν
756 3083 898 3166 operis
931 3083 1044 3165 tribui,
1078 3082 1215 3164 denique
1244 3081 1345 3145 multa

212 3185 278 3248 alia
300 3185 385 3249 unde
408 3185 505 3266 sciat,
532 3184 679 3268 equidem
701 3185 821 3249 nescio.

296 3289 336 3351 V.
363 3291 424 3350 264
461 3289 532 3352 Non
561 3295 647 3352 recte
677 3288 825 3352 Handius
856 3288 1031 3354 defendere
1059 3289 1167 3353 studet
1194 3287 1344 3351 traditam
1363 3306 1412 3355 aar

212 3391 419 3474 scripturam:
444 3393 512 3453 Nec
535 3391 597 3454 sibi
617 3391 794 3474 sulphureis
810 3393 969 3455 Lucrinae
984 3391 1106 3455 Naides
1128 3391 1230 3480 antris
1249 3439 1342 3452 .....

212 3515 282 3559 cum
307 3494 396 3558 dicit:

298 3597 468 3663 »Gaudeat
490 3618 549 3662 sua
572 3599 702 3662 alumna
725 3598 861 3664 Sebetus
880 3599 911 3680 (1)
938 3618 998 3663 neo
1020 3597 1126 3663 minus
1149 3617 1207 3662 suo
1230 3597 1345 3662 decore

213 3702 377 3786 superbiat
406 3723 502 3784 quam
526 3701 682 3766 Lucrinus
713 3703 803 3766 lacus
830 3709 862 3768 et
883 3701 1004 3766 Samus
1035 3722 1094 3767 sua
1124 3702 1346 3766 amoenitate«

212 3805 359 3887 Namque
382 3806 438 3868 ubi
459 3812 614 3870 terramm
637 3805 787 3870 dicuntur
808 3805 1027 3889 superbire
1047 3806 1204 3870 Lucrinae
1223 3805 1347 3868 Naides

213 3909 333 3972 antris?
368 3908 465 3972 immo
487 3908 619 3973 dicitur:
645 3908 726 3972 sibi
756 3908 973 3992 placeant:
1014 3908 1075 3972 hoc
1104 3915 1153 3972 est
1180 3914 1347 3972 mnteutae

214 4011 279 4074 sint
309 4011 375 4074 suis
405 4012 510 4092 rebus,
538 4017 589 4076 sat
618 4011 736 4094 frigide
764 4031 843 4076 sane
872 4011 1011 4096 positum
1037 4031 1114 4096 prae
1143 4010 1269 4075 ardenti
1290 4010 1347 4073 illo

215 4121 349 4192 tumeat3
375 4113 492 4178 deinde
514 4114 586 4196 quis
609 4135 759 4198 nmquam
783 4115 865 4180 dixit
880 4114 1070 4196 Pompeiani
1081 4114 1182 4177 Sarni
1202 4112 1267 4176 otia
1289 4111 1350 4175 cibi

212 4218 361 4298 placeant
397 4237 455 4299 pro
485 4218 693 4296 Pompeianus
721 4221 844 4282 Sarnus
877 4219 939 4282 otio
968 4219 1108 4301 paudeat
1134 4217 1186 4280 cal
1212 4221 1349 4278 tumeat?

213 4320 402 4385 Rectissime
424 4319 524 4401 igitur
545 4321 684 4386 restituit
705 4321 757 4385 ed.
775 4321 958 4386 Parmensis
982 4321 1053 4384 tibi:

1102 4439 1140 4492 2*
