3250 5130
724 410 938 470 ,12--

266 594 423 677 Reptasti.
463 594 600 660 nitidum
623 602 796 678 consurgat
818 597 863 661 ad
884 596 1017 662 aethera
1038 598 1135 663 tellus

265 695 385 759 Eubois
409 701 440 760 et
462 697 596 780 pulchra
618 705 738 762 tumeat
762 686 918 764 Sebethos
941 700 1089 780 alumna;

265 798 334 862 Nee
355 799 414 863 tibi
437 801 619 884 sulphureis
642 803 798 868 Lucrinae
820 803 942 867 Naides
966 803 1066 868 antris

197 923 247 970 265
265 904 334 967 Nec
356 903 543 988 Pompeiani
565 906 716 989 placeant
737 907 840 990 magis
863 906 929 970 etia
951 905 1054 970 Sarni.

266 1007 350 1072 Heia
372 1028 433 1090 age
456 1010 639 1091 praeclarus
662 1009 754 1074 Latio
777 1016 945 1094 properate
966 1016 1111 1093 nepotes,

267 1110 329 1188 Qui
351 1111 452 1193 leges,
480 1111 534 1195 qui
556 1118 661 1177 castra
684 1119 807 1196 regant,
834 1113 889 1196 qui
912 1113 1053 1178 carmina
1075 1114 1198 1178 ludant.

266 1215 433 1278 Acceleret
455 1222 548 1299 partu
571 1215 729 1280 decimum
752 1217 838 1281 bona
861 1217 1000 1300 Cynthia
1022 1236 1175 1301 mensem,

268 1317 333 1406 Sed
355 1325 467 1402 parcat
489 1319 611 1384 Lucina
633 1339 760 1403 preccr;
787 1326 884 1402 tuque
907 1321 977 1404 ipse
1000 1321 1127 1404 parenti
1169 1309 1172 1316 ¹

200 1441 249 1490 270
268 1423 376 1503 Parce,
403 1443 493 1506 puer,
520 1443 561 1488 ne
584 1424 713 1488 mollem
735 1430 870 1505 uterum,
897 1445 938 1490 ne
961 1425 1081 1490 stantia
1102 1425 1215 1490 laedas

268 1527 416 1603 Pect01·a;
445 1546 580 1610 cumque
602 1533 673 1592 tuos
696 1527 793 1591 tacite
816 1535 930 1592 natura
952 1546 1083 1592 recessu

269 1629 426 1694 Formarit
447 1630 565 1711 vultur,
592 1630 725 1694 multum
749 1631 789 1694 de
812 1637 903 1714 patre
927 1630 1062 1712 decania,

269 1733 347 1796 Plus
371 1732 411 1796 de
434 1738 535 1796 matre
558 1733 655 1798 feras.
696 1740 730 1798 at
751 1740 786 1814 tu
810 1735 1025 1818 pulcherrima
1048 1735 1149 1800 forma
1227 1753 1231 1762 ·

269 1835 421 1900 Italidum
443 1836 574 1902 tandem
597 1837 709 1902 meritc
732 1856 884 1922 possessa
906 1839 1018 1904 marite

203 1960 251 2008 275
270 1939 385 2004 Vincla
408 1940 463 2004 diu
486 1941 633 2023 quaesita
655 1941 744 2006 iove:
774 1941 820 2028 sic
842 1941 959 2025 damna
981 1941 1106 2008 decoris

270 2044 369 2108 Nulla
390 2044 463 2124 tibi;
490 2045 586 2127 longe
609 2044 721 2118 viridis
745 2045 792 2110 sic
814 2044 890 2110 llere
913 2046 1064 2126 iuventae

271 2146 448 2213 Perdurent
469 2150 589 2230 vultus,
615 2149 768 2232 tardeque
792 2150 873 2215 haec
895 2150 997 2215 ferma
1020 2157 1177 2216 senescat.

359 2779 408 2841 En
430 2777 531 2842 habes
555 2777 712 2860 quemodo
734 2784 856 2843 textum
880 2776 1034 2860 scriptum
1057 2777 1170 2854 velim3
1197 2776 1261 2841 iarn
1285 2797 1341 2842 cur
1364 2777 1410 2842 sic

272 2881 352 2946 mihi
374 2881 524 2946 videatur
545 2883 707 2946 nonnullis
736 2882 816 2946 locis
842 2882 1009 2947 intellectu
1039 2881 1273 2946 difficilioribus
1301 2881 1411 2965 paullc

274 2985 453 3050 accuratius
477 2985 651 3068 explanare
674 2985 811 3051 fortasse
837 2985 871 3051 in
893 3006 961 3051 rem
985 2993 1044 3051 est.

224 3148 254 3196 13
359 3124 397 3187 V.
420 3126 458 3187 13
497 3121 641 3186 codicum
671 3122 753 3188 illud
783 3131 930 3206 coetuque
954 3122 1089 3203 Latino,
1124 3128 1285 3203 utcunque
1314 3121 1412 3186 intel-

273 3226 375 3309 legis,
409 3231 543 3290 nonest
574 3244 698 3290 sanum.
745 3226 957 3303 Quamobrem
981 3222 1132 3289 Barthius
1160 3230 1270 3306 atque,
1304 3229 1340 3287 ut
1371 3243 1412 3288 ex

271 3329 452 3415 exemplari
480 3328 537 3393 illc
561 3327 763 3411 Gottingensi
793 3335 937 3413 apparet,
969 3328 1067 3393 etiam
1089 3327 1242 3392 Heinsius
1273 3327 1412 3410 scripse-

273 3439 346 3498 runt
372 3433 533 3516 cinctuque
556 3432 692 3507 Luttuo,
720 3432 804 3513 quod
827 3439 1015 3517 receperunt
1037 3431 1184 3515 plerique
1207 3450 1257 3495 me
1280 3429 1409 3512 quidem

273 3558 336 3602 non
373 3537 581 3602 assentiente.
634 3535 781 3618 Namque
812 3538 837 3620 1)
866 3536 985 3600 ciectus
1019 3535 1142 3619 (pluul)
1178 3534 1413 3599 substantivum

273 3641 322 3704 bis
350 3646 473 3704 tantum
503 3640 591 3724 apud
614 3639 750 3705 Statium
779 3640 940 3704 invenitur
970 3638 1157 3721 significans
1180 3637 1305 3720 cinqula
1327 3637 1412 3706 mili-

276 3744 360 3807 tcuu’u
387 3743 652 3828 (Deqeuqelreulc);
695 3745 723 3826 2)
751 3743 909 3826 Exempla
938 3762 978 3807 ex
1001 3740 1179 3806 Claudiano
1209 3740 1345 3824 repetita
1373 3740 1415 3804 ad

356 4005 405 4055 262
435 4004 557 4058 nitidum
581 4023 613 4057 a:
645 4004 767 4058 uinclum
792 4004 834 4066 12,
863 4002 934 4055 idem
954 4001 1064 4070 praebet
1088 4002 1116 4054 B
1135 4019 1152 4052 a
1170 3999 1212 4052 m²
1236 3999 1293 4054 aiae
1319 4015 1416 4050 rasura

276 4086 307 4144 lu
325 4096 399 4144 textu
423 4090 545 4144 additum
569 4091 695 4152 tunulum,
723 4094 752 4143 ut
770 4089 823 4144 viu.
840 4089 878 4141 M
893 4091 903 4154 ΙΙ
925 4089 975 4140 264
1000 4087 1053 4142 sibl
1073 4086 1182 4140 RBMa
1206 4085 1258 4142 tibi
1279 4085 1338 4138 ectu.
1357 4085 1417 4154 ple-

274 4195 371 4246 raeque
389 4179 400 4242 ΙΙ
419 4179 467 4229 267
492 4179 643 4246 regantA:
675 4177 771 4246 legant
790 4177 897 4229 RBMu
915 4177 926 4240 ΙΙ
946 4176 995 4226 273
1021 4188 1054 4228 ac
1075 4178 1105 4228 tu
1125 4174 1218 4226 Rura.
1251 4173 1335 4225 Huue
1356 4189 1417 4224 uer-

274 4282 333 4318 sum
358 4263 469 4317 librarii
491 4282 580 4318 errore
599 4269 662 4332 post
685 4282 708 4317 0.
726 4265 775 4314 275
800 4263 927 4316 iteratum
955 4261 1085 4330 expunxit
1115 4259 1271 4328 inclusitque
1295 4258 1417 4311 vocabulo

276 4357 410 4412 Va-cat
434 4357 519 4410 m²B
