<?xml version="1.0" encoding="UTF-8"?>
<!DOCTYPE html PUBLIC "-//W3C//DTD XHTML 1.0 Transitional//EN"
    "http://www.w3.org/TR/xhtml1/DTD/xhtml1-transitional.dtd">
<html xmlns="http://www.w3.org/1999/xhtml" xml:lang="en" lang="en">
 <head>
  <title>
</title>
<meta http-equiv="Content-Type" content="text/html;charset=utf-8" />
  <meta name='ocr-system' content='tesseract 3.04.00' />
  <meta name='ocr-capabilities' content='ocr_page ocr_carea ocr_par ocr_line ocrx_word'/>
</head>
<body>
  <div class='ocr_page' id='page_1' title='image "./statiepithalami00statgoog_0043.png"; bbox 0 0 3250 5130; ppageno 0'>
   <div class='ocr_carea' id='block_1_1' title="bbox 774 352 989 413">
    <p class='ocr_par' dir='ltr' id='par_1_1' title="bbox 774 352 989 413">
     <span class='ocr_line' id='line_1_1' title="bbox 774 352 989 413; baseline 0.009 -17"><span class='ocrx_word' id='word_1_1' title='bbox 774 352 989 413; x_wconf 66' lang='grc'><strong>,32-</strong></span> 
     </span>
    </p>
   </div>
   <div class='ocr_carea' id='block_1_2' title="bbox 271 517 1450 1117">
    <p class='ocr_par' dir='ltr' id='par_1_2' title="bbox 313 517 1446 704">
     <span class='ocr_line' id='line_1_2' title="bbox 314 517 1446 604; baseline 0 -20"><span class='ocrx_word' id='word_1_2' title='bbox 314 519 412 586; x_wconf 86' lang='lat' dir='ltr'><strong>secuti</strong></span> <span class='ocrx_word' id='word_1_3' title='bbox 435 518 658 604; x_wconf 82' lang='lat' dir='ltr'>paranymphi,</span> <span class='ocrx_word' id='word_1_4' title='bbox 685 519 713 583; x_wconf 93' lang='lat' dir='ltr'><strong>si</strong></span> <span class='ocrx_word' id='word_1_5' title='bbox 735 519 890 601; x_wconf 81' lang='lat' dir='ltr'><strong>originem</strong></span> <span class='ocrx_word' id='word_1_6' title='bbox 914 526 1052 603; x_wconf 79' lang='lat' dir='ltr'>spectas,</span> <span class='ocrx_word' id='word_1_7' title='bbox 1073 520 1183 604; x_wconf 87' lang='lat' dir='ltr'><strong>procul</strong></span> <span class='ocrx_word' id='word_1_8' title='bbox 1206 517 1302 583; x_wconf 93' lang='lat' dir='ltr'><strong>dubio</strong></span> <span class='ocrx_word' id='word_1_9' title='bbox 1319 517 1446 601; x_wconf 82' lang='lat' dir='ltr'><strong>Graeci,</strong></span> 
     </span>
     <span class='ocr_line' id='line_1_3' title="bbox 313 621 708 704; baseline -0.01 -16"><span class='ocrx_word' id='word_1_10' title='bbox 313 623 498 704; x_wconf 79' lang='lat' dir='ltr'><strong>siculum,</strong></span> <span class='ocrx_word' id='word_1_11' title='bbox 525 621 659 686; x_wconf 88' lang='lat' dir='ltr'><strong>Romani</strong></span> <span class='ocrx_word' id='word_1_12' title='bbox 668 623 708 704; x_wconf 65' lang='lat' dir='ltr'><strong>*l</strong></span> 
     </span>
    </p>

    <p class='ocr_par' dir='ltr' id='par_1_3' title="bbox 271 723 1450 1117">
     <span class='ocr_line' id='line_1_4' title="bbox 398 723 1450 809; baseline 0 -21"><span class='ocrx_word' id='word_1_13' title='bbox 398 723 521 801; x_wconf 78' lang='lat' dir='ltr'><strong>Quibus</strong></span> <span class='ocrx_word' id='word_1_14' title='bbox 552 723 707 808; x_wconf 83' lang='lat' dir='ltr'><strong>expositis</strong></span> <span class='ocrx_word' id='word_1_15' title='bbox 739 725 844 790; x_wconf 92' lang='lat' dir='ltr'><strong>elucet</strong></span> <span class='ocrx_word' id='word_1_16' title='bbox 880 723 1019 790; x_wconf 88' lang='lat' dir='ltr'><strong>artifices</strong></span> <span class='ocrx_word' id='word_1_17' title='bbox 1045 727 1204 790; x_wconf 85' lang='lat' dir='ltr'><strong>Romanos</strong></span> <span class='ocrx_word' id='word_1_18' title='bbox 1238 745 1294 809; x_wconf 93' lang='lat' dir='ltr'><strong>pro</strong></span> <span class='ocrx_word' id='word_1_19' title='bbox 1328 723 1450 789; x_wconf 87' lang='lat' dir='ltr'><strong>semina</strong></span> 
     </span>
     <span class='ocr_line' id='line_1_5' title="bbox 317 826 1448 912; baseline -0.001 -21"><span class='ocrx_word' id='word_1_20' title='bbox 317 828 380 910; x_wconf 85' lang='lat' dir='ltr'><strong>(vel</strong></span> <span class='ocrx_word' id='word_1_21' title='bbox 403 826 544 912; x_wconf 79' lang='lat' dir='ltr'><strong>iuvene),</strong></span> <span class='ocrx_word' id='word_1_22' title='bbox 570 846 654 910; x_wconf 91' lang='lat' dir='ltr'><strong>quae</strong></span> <span class='ocrx_word' id='word_1_23' title='bbox 681 826 755 909; x_wconf 78' lang='lat' dir='ltr'><strong>(qui)</strong></span> <span class='ocrx_word' id='word_1_24' title='bbox 782 833 914 910; x_wconf 86' lang='lat' dir='ltr'>nuptam</span> <span class='ocrx_word' id='word_1_25' title='bbox 936 827 1050 891; x_wconf 89' lang='lat' dir='ltr'><strong>marito</strong></span> <span class='ocrx_word' id='word_1_26' title='bbox 1074 827 1203 893; x_wconf 81' lang='lat' dir='ltr'><strong>deducit</strong></span> <span class='ocrx_word' id='word_1_27' title='bbox 1230 827 1273 908; x_wconf 85' lang='lat' dir='ltr'><strong>(in</strong></span> <span class='ocrx_word' id='word_1_28' title='bbox 1294 826 1448 908; x_wconf 85' lang='lat' dir='ltr'><strong>imagini-</strong></span> 
     </span>
     <span class='ocr_line' id='line_1_6' title="bbox 271 927 1442 1014; baseline -0.002 -19"><span class='ocrx_word' id='word_1_29' title='bbox 271 927 273 932; x_wconf 79' lang='grc'><strong>’</strong></span> <span class='ocrx_word' id='word_1_30' title='bbox 312 930 372 995; x_wconf 92' lang='lat' dir='ltr'><strong>bus</strong></span> <span class='ocrx_word' id='word_1_31' title='bbox 387 928 530 1014; x_wconf 81' lang='lat' dir='ltr'><strong>Graecis)</strong></span> <span class='ocrx_word' id='word_1_32' title='bbox 549 931 703 994; x_wconf 89' lang='lat' dir='ltr'><strong>Iunonem</strong></span> <span class='ocrx_word' id='word_1_33' title='bbox 721 927 862 1012; x_wconf 85' lang='lat' dir='ltr'><strong>finxisse,</strong></span> <span class='ocrx_word' id='word_1_34' title='bbox 888 935 923 994; x_wconf 94' lang='lat' dir='ltr'><strong>ut</strong></span> <span class='ocrx_word' id='word_1_35' title='bbox 944 937 1114 1013; x_wconf 89' lang='lat' dir='ltr'><strong>appareret</strong></span> <span class='ocrx_word' id='word_1_36' title='bbox 1135 931 1289 995; x_wconf 92' lang='lat' dir='ltr'><strong>Iunonem</strong></span> <span class='ocrx_word' id='word_1_37' title='bbox 1311 931 1442 1014; x_wconf 82' lang='lat' dir='ltr'><strong>(lugam)</strong></span> 
     </span>
     <span class='ocr_line' id='line_1_7' title="bbox 313 1031 1447 1117; baseline 0.001 -21"><span class='ocrx_word' id='word_1_38' title='bbox 313 1050 469 1098; x_wconf 90' lang='lat' dir='ltr'><strong>summam</strong></span> <span class='ocrx_word' id='word_1_39' title='bbox 492 1031 619 1096; x_wconf 92' lang='lat' dir='ltr'><strong>omniuo</strong></span> <span class='ocrx_word' id='word_1_40' title='bbox 645 1031 829 1115; x_wconf 88' lang='lat' dir='ltr'><strong>nuptiarum</strong></span> <span class='ocrx_word' id='word_1_41' title='bbox 851 1032 998 1116; x_wconf 80' lang='lat' dir='ltr'><strong>deam**)</strong></span> <span class='ocrx_word' id='word_1_42' title='bbox 1024 1033 1129 1117; x_wconf 93' lang='lat' dir='ltr'><strong>ipsam</strong></span> <span class='ocrx_word' id='word_1_43' title='bbox 1160 1033 1291 1098; x_wconf 91' lang='lat' dir='ltr'><strong>maritos</strong></span> <span class='ocrx_word' id='word_1_44' title='bbox 1315 1034 1447 1098; x_wconf 91' lang='lat' dir='ltr'><strong>coniun-</strong></span> 
     </span>
    </p>
   </div>
   <div class='ocr_carea' id='block_1_3' title="bbox 310 1219 1448 3091">
    <p class='ocr_par' dir='ltr' id='par_1_4' title="bbox 380 1219 726 1290">
     <span class='ocr_line' id='line_1_8' title="bbox 380 1219 726 1290; baseline -0.009 -17"><span class='ocrx_word' id='word_1_45' title='bbox 380 1219 405 1284; x_wconf 81' lang='lat' dir='ltr'><strong>*l</strong></span> <span class='ocrx_word' id='word_1_46' title='bbox 426 1220 588 1290; x_wconf 87' lang='lat' dir='ltr'><strong>Marquardt</strong></span> <span class='ocrx_word' id='word_1_47' title='bbox 606 1219 625 1272; x_wconf 94' lang='lat' dir='ltr'><strong>l.</strong></span> <span class='ocrx_word' id='word_1_48' title='bbox 638 1235 662 1272; x_wconf 89' lang='lat' dir='ltr'><strong>c.</strong></span> <span class='ocrx_word' id='word_1_49' title='bbox 683 1221 726 1271; x_wconf 82' lang='lat'><strong>48.</strong></span> 
     </span>
    </p>

    <p class='ocr_par' dir='ltr' id='par_1_5' title="bbox 310 1303 1448 3091">
     <span class='ocr_line' id='line_1_9' title="bbox 364 1303 1447 1376; baseline 0.002 -18"><span class='ocrx_word' id='word_1_50' title='bbox 364 1307 408 1372; x_wconf 79' lang='lat'><strong>**)</strong></span> <span class='ocrx_word' id='word_1_51' title='bbox 428 1306 507 1360; x_wconf 89' lang='lat' dir='ltr'><strong>Hanc</strong></span> <span class='ocrx_word' id='word_1_52' title='bbox 518 1321 573 1360; x_wconf 92' lang='lat' dir='ltr'><strong>non</strong></span> <span class='ocrx_word' id='word_1_53' title='bbox 585 1305 676 1358; x_wconf 90' lang='lat' dir='ltr'><strong>minus</strong></span> <span class='ocrx_word' id='word_1_54' title='bbox 694 1305 770 1374; x_wconf 90' lang='lat' dir='ltr'><strong>apud</strong></span> <span class='ocrx_word' id='word_1_55' title='bbox 781 1303 906 1360; x_wconf 83' lang='lat' dir='ltr'><strong>Graecos</strong></span> <span class='ocrx_word' id='word_1_56' title='bbox 918 1321 1000 1375; x_wconf 91' lang='lat' dir='ltr'><strong>quam</strong></span> <span class='ocrx_word' id='word_1_57' title='bbox 1014 1305 1101 1360; x_wconf 91' lang='lat' dir='ltr'><strong>Italos</strong></span> <span class='ocrx_word' id='word_1_58' title='bbox 1113 1307 1246 1360; x_wconf 91' lang='lat' dir='ltr'><strong>Iunonem</strong></span> <span class='ocrx_word' id='word_1_59' title='bbox 1264 1305 1350 1361; x_wconf 87' lang='lat' dir='ltr'><strong>fuisse</strong></span> <span class='ocrx_word' id='word_1_60' title='bbox 1368 1321 1447 1376; x_wconf 89' lang='lat' dir='ltr'><strong>aper-</strong></span> 
     </span>
     <span class='ocr_line' id='line_1_10' title="bbox 312 1391 1447 1458; baseline 0 -12"><span class='ocrx_word' id='word_1_61' title='bbox 312 1398 370 1446; x_wconf 87' lang='lat' dir='ltr'><strong>tum</strong></span> <span class='ocrx_word' id='word_1_62' title='bbox 388 1397 441 1452; x_wconf 84' lang='lat' dir='ltr'><strong>est,</strong></span> <span class='ocrx_word' id='word_1_63' title='bbox 462 1391 513 1444; x_wconf 88' lang='lat' dir='ltr'><strong>sed</strong></span> <span class='ocrx_word' id='word_1_64' title='bbox 532 1407 586 1444; x_wconf 95' lang='lat' dir='ltr'><strong>non</strong></span> <span class='ocrx_word' id='word_1_65' title='bbox 604 1393 695 1445; x_wconf 91' lang='lat' dir='ltr'><strong>minus</strong></span> <span class='ocrx_word' id='word_1_66' title='bbox 713 1397 849 1458; x_wconf 87' lang='lat' dir='ltr'><strong>apertum,</strong></span> <span class='ocrx_word' id='word_1_67' title='bbox 870 1408 925 1445; x_wconf 92' lang='lat' dir='ltr'><strong>non</strong></span> <span class='ocrx_word' id='word_1_68' title='bbox 938 1398 1014 1446; x_wconf 90' lang='lat' dir='ltr'><strong>recte</strong></span> <span class='ocrx_word' id='word_1_69' title='bbox 1027 1392 1287 1447; x_wconf 86' lang='lat' dir='ltr'><strong>Reifferscheidium</strong></span> <span class='ocrx_word' id='word_1_70' title='bbox 1307 1393 1447 1448; x_wconf 90' lang='lat' dir='ltr'><strong>iudicasse</strong></span> 
     </span>
     <span class='ocr_line' id='line_1_11' title="bbox 314 1477 1447 1546; baseline 0.001 -13"><span class='ocrx_word' id='word_1_71' title='bbox 314 1478 427 1544; x_wconf 88' lang='lat' dir='ltr'><strong>(Annali</strong></span> <span class='ocrx_word' id='word_1_72' title='bbox 439 1479 514 1542; x_wconf 78' lang='lat'><strong>1867,</strong></span> <span class='ocrx_word' id='word_1_73' title='bbox 528 1479 577 1528; x_wconf 80' lang='lat'><strong>352</strong></span> <span class='ocrx_word' id='word_1_74' title='bbox 588 1481 651 1546; x_wconf 84' lang='lat' dir='ltr'><strong>sq),</strong></span> <span class='ocrx_word' id='word_1_75' title='bbox 668 1493 729 1531; x_wconf 90' lang='lat' dir='ltr'><strong>cum</strong></span> <span class='ocrx_word' id='word_1_76' title='bbox 736 1477 882 1531; x_wconf 88' lang='lat' dir='ltr'><strong>Herculem</strong></span> <span class='ocrx_word' id='word_1_77' title='bbox 889 1478 1003 1534; x_wconf 89' lang='lat' dir='ltr'><strong>Iunonis</strong></span> <span class='ocrx_word' id='word_1_78' title='bbox 1015 1482 1144 1534; x_wconf 78' lang='lat' dir='ltr'><strong>marItum</strong></span> <span class='ocrx_word' id='word_1_79' title='bbox 1156 1477 1244 1534; x_wconf 86' lang='lat' dir='ltr'><strong>fuisse</strong></span> <span class='ocrx_word' id='word_1_80' title='bbox 1257 1480 1447 1534; x_wconf 90' lang='lat' dir='ltr'><strong>demonstrare</strong></span> 
     </span>
     <span class='ocr_line' id='line_1_12' title="bbox 310 1562 1446 1636; baseline 0.001 -19"><span class='ocrx_word' id='word_1_81' title='bbox 310 1565 380 1618; x_wconf 89' lang='lat' dir='ltr'><strong>vult.</strong></span> <span class='ocrx_word' id='word_1_82' title='bbox 418 1562 479 1627; x_wconf 80' lang='lat' dir='ltr'><strong>Qua</strong></span> <span class='ocrx_word' id='word_1_83' title='bbox 497 1563 532 1618; x_wconf 89' lang='lat' dir='ltr'><strong>de</strong></span> <span class='ocrx_word' id='word_1_84' title='bbox 550 1578 579 1616; x_wconf 91' lang='lat' dir='ltr'><strong>re</strong></span> <span class='ocrx_word' id='word_1_85' title='bbox 598 1563 693 1632; x_wconf 88' lang='lat' dir='ltr'><strong>paullo</strong></span> <span class='ocrx_word' id='word_1_86' title='bbox 711 1563 870 1618; x_wconf 80' lang='lat' dir='ltr'><strong>accuratius</strong></span> <span class='ocrx_word' id='word_1_87' title='bbox 888 1563 1025 1618; x_wconf 87' lang='lat' dir='ltr'><strong>disserere</strong></span> <span class='ocrx_word' id='word_1_88' title='bbox 1044 1565 1182 1619; x_wconf 91' lang='lat' dir='ltr'><strong>inanimo</strong></span> <span class='ocrx_word' id='word_1_89' title='bbox 1200 1572 1256 1628; x_wconf 88' lang='lat' dir='ltr'><strong>est,</strong></span> <span class='ocrx_word' id='word_1_90' title='bbox 1279 1566 1344 1636; x_wconf 91' lang='lat' dir='ltr'><strong>quia</strong></span> <span class='ocrx_word' id='word_1_91' title='bbox 1361 1567 1446 1620; x_wconf 88' lang='lat' dir='ltr'><strong>etiam</strong></span> 
     </span>
     <span class='ocr_line' id='line_1_13' title="bbox 311 1649 1446 1720; baseline 0.003 -16"><span class='ocrx_word' id='word_1_92' title='bbox 311 1649 521 1704; x_wconf 86' lang='lat' dir='ltr'><strong>Studemundus</strong></span> <span class='ocrx_word' id='word_1_93' title='bbox 545 1649 742 1716; x_wconf 84' lang='lat' dir='ltr'><strong>(Wliraburger</strong></span> <span class='ocrx_word' id='word_1_94' title='bbox 759 1649 1127 1720; x_wconf 83' lang='lat' dir='ltr'><strong>Philologenversammlung</strong></span> <span class='ocrx_word' id='word_1_95' title='bbox 1148 1653 1224 1717; x_wconf 85' lang='lat'>1868,</span> <span class='ocrx_word' id='word_1_96' title='bbox 1248 1654 1303 1717; x_wconf 75' lang='lat'>126)</span> <span class='ocrx_word' id='word_1_97' title='bbox 1324 1653 1446 1707; x_wconf 88' lang='lat' dir='ltr'><strong>Reiffer-</strong></span> 
     </span>
     <span class='ocr_line' id='line_1_14' title="bbox 311 1733 1446 1807; baseline 0.004 -19"><span class='ocrx_word' id='word_1_98' title='bbox 311 1735 465 1788; x_wconf 89' lang='lat' dir='ltr'><strong>scheidium</strong></span> <span class='ocrx_word' id='word_1_99' title='bbox 490 1739 604 1788; x_wconf 86' lang='lat' dir='ltr'><strong>secutus</strong></span> <span class='ocrx_word' id='word_1_100' title='bbox 628 1740 679 1788; x_wconf 91' lang='lat' dir='ltr'><strong>est.</strong></span> <span class='ocrx_word' id='word_1_101' title='bbox 718 1733 815 1802; x_wconf 81' lang='lat' dir='ltr'><strong>Neque</strong></span> <span class='ocrx_word' id='word_1_102' title='bbox 840 1737 912 1789; x_wconf 90' lang='lat' dir='ltr'><strong>enim</strong></span> <span class='ocrx_word' id='word_1_103' title='bbox 937 1737 1063 1805; x_wconf 91' lang='lat' dir='ltr'><strong>sequitur</strong></span> <span class='ocrx_word' id='word_1_104' title='bbox 1086 1752 1121 1790; x_wconf 84' lang='lat' dir='ltr'><strong>ex</strong></span> <span class='ocrx_word' id='word_1_105' title='bbox 1145 1753 1193 1802; x_wconf 87' lang='lat' dir='ltr'><strong>eo,</strong></span> <span class='ocrx_word' id='word_1_106' title='bbox 1218 1738 1293 1807; x_wconf 93' lang='lat' dir='ltr'><strong>quod</strong></span> <span class='ocrx_word' id='word_1_107' title='bbox 1311 1738 1446 1793; x_wconf 88' lang='lat' dir='ltr'><strong>Hercules</strong></span> 
     </span>
     <span class='ocr_line' id='line_1_15' title="bbox 310 1819 1443 1891; baseline 0.004 -17"><span class='ocrx_word' id='word_1_108' title='bbox 310 1822 433 1874; x_wconf 91' lang='lat' dir='ltr'><strong>virorum</strong></span> <span class='ocrx_word' id='word_1_109' title='bbox 462 1820 575 1888; x_wconf 87' lang='lat' dir='ltr'><strong>genius,</strong></span> <span class='ocrx_word' id='word_1_110' title='bbox 608 1819 754 1874; x_wconf 88' lang='lat' dir='ltr'><strong>mulierum</strong></span> <span class='ocrx_word' id='word_1_111' title='bbox 779 1821 849 1874; x_wconf 93' lang='lat' dir='ltr'><strong>Iuno</strong></span> <span class='ocrx_word' id='word_1_112' title='bbox 874 1825 950 1886; x_wconf 86' lang='lat' dir='ltr'><strong>erat,</strong></span> <span class='ocrx_word' id='word_1_113' title='bbox 983 1821 1080 1875; x_wconf 88' lang='lat' dir='ltr'><strong>ambos</strong></span> <span class='ocrx_word' id='word_1_114' title='bbox 1109 1825 1314 1878; x_wconf 90' lang='lat' dir='ltr'><strong>matrimonium</strong></span> <span class='ocrx_word' id='word_1_115' title='bbox 1344 1827 1443 1891; x_wconf 85' lang='lat' dir='ltr'><strong>inisse;</strong></span> 
     </span>
     <span class='ocr_line' id='line_1_16' title="bbox 310 1905 1447 1975; baseline 0.005 -17"><span class='ocrx_word' id='word_1_116' title='bbox 310 1922 401 1975; x_wconf 89' lang='lat' dir='ltr'><strong>neque</strong></span> <span class='ocrx_word' id='word_1_117' title='bbox 419 1921 454 1960; x_wconf 85' lang='lat' dir='ltr'><strong>ex</strong></span> <span class='ocrx_word' id='word_1_118' title='bbox 473 1922 517 1970; x_wconf 88' lang='lat' dir='ltr'><strong>eo,</strong></span> <span class='ocrx_word' id='word_1_119' title='bbox 532 1907 607 1973; x_wconf 88' lang='lat' dir='ltr'><strong>quod</strong></span> <span class='ocrx_word' id='word_1_120' title='bbox 625 1911 657 1958; x_wconf 89' lang='lat' dir='ltr'><strong>ut</strong></span> <span class='ocrx_word' id='word_1_121' title='bbox 675 1905 720 1957; x_wconf 89' lang='lat' dir='ltr'><strong>dis</strong></span> <span class='ocrx_word' id='word_1_122' title='bbox 738 1906 933 1972; x_wconf 80' lang='lat' dir='ltr'><strong>coniugalibus</strong></span> <span class='ocrx_word' id='word_1_123' title='bbox 945 1906 1075 1960; x_wconf 89' lang='lat' dir='ltr'><strong>Pilumno</strong></span> <span class='ocrx_word' id='word_1_124' title='bbox 1088 1913 1116 1962; x_wconf 90' lang='lat' dir='ltr'><strong>et</strong></span> <span class='ocrx_word' id='word_1_125' title='bbox 1128 1908 1261 1963; x_wconf 91' lang='lat' dir='ltr'><strong>Picumno</strong></span> <span class='ocrx_word' id='word_1_126' title='bbox 1279 1913 1309 1965; x_wconf 93' lang='lat' dir='ltr'><strong>in</strong></span> <span class='ocrx_word' id='word_1_127' title='bbox 1327 1913 1447 1966; x_wconf 89' lang='lat' dir='ltr'><strong>aedibus</strong></span> 
     </span>
     <span class='ocr_line' id='line_1_17' title="bbox 310 1991 1447 2058; baseline 0.004 -13"><span class='ocrx_word' id='word_1_128' title='bbox 310 1993 400 2046; x_wconf 89' lang='lat' dir='ltr'><strong>lectus</strong></span> <span class='ocrx_word' id='word_1_129' title='bbox 424 1991 602 2045; x_wconf 80' lang='lat' dir='ltr'><strong>sternebatur</strong></span> <span class='ocrx_word' id='word_1_130' title='bbox 619 1991 717 2044; x_wconf 91' lang='lat' dir='ltr'><strong>liberis</strong></span> <span class='ocrx_word' id='word_1_131' title='bbox 735 1991 833 2056; x_wconf 87' lang='lat' dir='ltr'><strong>editis,</strong></span> <span class='ocrx_word' id='word_1_132' title='bbox 854 1991 894 2044; x_wconf 91' lang='lat' dir='ltr'><strong>ita</strong></span> <span class='ocrx_word' id='word_1_133' title='bbox 913 1992 1013 2045; x_wconf 93' lang='lat' dir='ltr'><strong>Iunoni</strong></span> <span class='ocrx_word' id='word_1_134' title='bbox 1038 1993 1172 2058; x_wconf 88' lang='lat' dir='ltr'><strong>lectus,</strong></span> <span class='ocrx_word' id='word_1_135' title='bbox 1193 1996 1308 2050; x_wconf 87' lang='lat' dir='ltr'><strong>Herculi</strong></span> <span class='ocrx_word' id='word_1_136' title='bbox 1331 2014 1447 2052; x_wconf 89' lang='lat' dir='ltr'><strong>mensa</strong></span> 
     </span>
     <span class='ocr_line' id='line_1_18' title="bbox 310 2076 1447 2154; baseline 0.005 -23"><span class='ocrx_word' id='word_1_137' title='bbox 310 2077 476 2154; x_wconf 87' lang='lat' dir='ltr'><strong>ponebatur,</strong></span> <span class='ocrx_word' id='word_1_138' title='bbox 491 2076 656 2131; x_wconf 85' lang='lat' dir='ltr'><strong>concludere</strong></span> <span class='ocrx_word' id='word_1_139' title='bbox 669 2077 736 2130; x_wconf 92' lang='lat' dir='ltr'><strong>lieet</strong></span> <span class='ocrx_word' id='word_1_140' title='bbox 746 2083 858 2146; x_wconf 90' lang='lat' dir='ltr'><strong>praeter</strong></span> <span class='ocrx_word' id='word_1_141' title='bbox 867 2078 1000 2132; x_wconf 88' lang='lat' dir='ltr'><strong>Iunonem</strong></span> <span class='ocrx_word' id='word_1_142' title='bbox 1011 2078 1159 2135; x_wconf 87' lang='lat' dir='ltr'><strong>Herculem</strong></span> <span class='ocrx_word' id='word_1_143' title='bbox 1172 2083 1345 2152; x_wconf 83' lang='lat' dir='ltr'><strong>coniugalem</strong></span> <span class='ocrx_word' id='word_1_144' title='bbox 1358 2083 1447 2138; x_wconf 85' lang='lat' dir='ltr'><strong>fuisse</strong></span> 
     </span>
     <span class='ocr_line' id='line_1_19' title="bbox 310 2162 1447 2237; baseline 0.005 -21"><span class='ocrx_word' id='word_1_145' title='bbox 310 2165 401 2216; x_wconf 86' lang='lat' dir='ltr'><strong>deum.</strong></span> <span class='ocrx_word' id='word_1_146' title='bbox 428 2163 515 2216; x_wconf 92' lang='lat' dir='ltr'><strong>Immo</strong></span> <span class='ocrx_word' id='word_1_147' title='bbox 531 2162 665 2216; x_wconf 89' lang='lat' dir='ltr'><strong>Hercules</strong></span> <span class='ocrx_word' id='word_1_148' title='bbox 683 2162 760 2228; x_wconf 83' lang='lat' dir='ltr'><strong>genii</strong></span> <span class='ocrx_word' id='word_1_149' title='bbox 778 2164 841 2215; x_wconf 92' lang='lat' dir='ltr'><strong>loco</strong></span> <span class='ocrx_word' id='word_1_150' title='bbox 860 2162 904 2216; x_wconf 89' lang='lat' dir='ltr'><strong>his</strong></span> <span class='ocrx_word' id='word_1_151' title='bbox 923 2165 1054 2219; x_wconf 91' lang='lat' dir='ltr'><strong>utebatur</strong></span> <span class='ocrx_word' id='word_1_152' title='bbox 1072 2165 1233 2232; x_wconf 88' lang='lat' dir='ltr'><strong>honoribus,</strong></span> <span class='ocrx_word' id='word_1_153' title='bbox 1255 2184 1317 2222; x_wconf 91' lang='lat' dir='ltr'><strong>cum</strong></span> <span class='ocrx_word' id='word_1_154' title='bbox 1330 2184 1447 2237; x_wconf 90' lang='lat' dir='ltr'><strong>puerum</strong></span> 
     </span>
     <span class='ocr_line' id='line_1_20' title="bbox 310 2248 1446 2322; baseline 0.005 -21"><span class='ocrx_word' id='word_1_155' title='bbox 310 2250 404 2302; x_wconf 90' lang='lat' dir='ltr'><strong>iudea</strong></span> <span class='ocrx_word' id='word_1_156' title='bbox 416 2254 500 2318; x_wconf 90' lang='lat' dir='ltr'><strong>partu</strong></span> <span class='ocrx_word' id='word_1_157' title='bbox 511 2261 562 2314; x_wconf 90' lang='lat' dir='ltr'><strong>per</strong></span> <span class='ocrx_word' id='word_1_158' title='bbox 574 2252 663 2300; x_wconf 90' lang='lat' dir='ltr'><strong>totam</strong></span> <span class='ocrx_word' id='word_1_159' title='bbox 676 2248 858 2301; x_wconf 87' lang='lat' dir='ltr'><strong>comitaretur</strong></span> <span class='ocrx_word' id='word_1_160' title='bbox 870 2249 957 2303; x_wconf 88' lang='lat' dir='ltr'><strong>vitam</strong></span> <span class='ocrx_word' id='word_1_161' title='bbox 970 2250 1065 2318; x_wconf 90' lang='lat' dir='ltr'><strong>itaque</strong></span> <span class='ocrx_word' id='word_1_162' title='bbox 1082 2252 1166 2304; x_wconf 88' lang='lat' dir='ltr'><strong>etiam</strong></span> <span class='ocrx_word' id='word_1_163' title='bbox 1185 2254 1214 2305; x_wconf 94' lang='lat' dir='ltr'><strong>in</strong></span> <span class='ocrx_word' id='word_1_164' title='bbox 1231 2255 1337 2322; x_wconf 90' lang='lat' dir='ltr'><strong>nuptiis</strong></span> <span class='ocrx_word' id='word_1_165' title='bbox 1355 2255 1446 2307; x_wconf 92' lang='lat' dir='ltr'><strong>locum</strong></span> 
     </span>
     <span class='ocr_line' id='line_1_21' title="bbox 310 2331 1446 2399; baseline 0.004 -13"><span class='ocrx_word' id='word_1_166' title='bbox 310 2333 437 2399; x_wconf 88' lang='lat' dir='ltr'><strong>haberet,</strong></span> <span class='ocrx_word' id='word_1_167' title='bbox 453 2333 503 2387; x_wconf 89' lang='lat' dir='ltr'><strong>sed</strong></span> <span class='ocrx_word' id='word_1_168' title='bbox 522 2334 563 2386; x_wconf 87' lang='lat' dir='ltr'><strong>ita</strong></span> <span class='ocrx_word' id='word_1_169' title='bbox 575 2338 683 2387; x_wconf 90' lang='lat' dir='ltr'><strong>tantum</strong></span> <span class='ocrx_word' id='word_1_170' title='bbox 696 2337 728 2386; x_wconf 91' lang='lat' dir='ltr'><strong>ut</strong></span> <span class='ocrx_word' id='word_1_171' title='bbox 739 2331 875 2385; x_wconf 90' lang='lat' dir='ltr'><strong>Iordanus</strong></span> <span class='ocrx_word' id='word_1_172' title='bbox 887 2334 922 2385; x_wconf 88' lang='lat' dir='ltr'><strong>de</strong></span> <span class='ocrx_word' id='word_1_173' title='bbox 934 2335 1017 2399; x_wconf 84' lang='lat' dir='ltr'><strong>genio</strong></span> <span class='ocrx_word' id='word_1_174' title='bbox 1032 2336 1113 2398; x_wconf 87' lang='lat' dir='ltr'><strong>dixit,</strong></span> <span class='ocrx_word' id='word_1_175' title='bbox 1126 2337 1216 2390; x_wconf 89' lang='lat' dir='ltr'><strong>Vesta</strong></span> <span class='ocrx_word' id='word_1_176' title='bbox 1227 2339 1285 2390; x_wconf 93' lang='lat' dir='ltr'><strong>und</strong></span> <span class='ocrx_word' id='word_1_177' title='bbox 1297 2339 1342 2392; x_wconf 91' lang='lat' dir='ltr'><strong>die</strong></span> <span class='ocrx_word' id='word_1_178' title='bbox 1355 2341 1446 2392; x_wconf 83' lang='lat' dir='ltr'><strong>Laron</strong></span> 
     </span>
     <span class='ocr_line' id='line_1_22' title="bbox 313 2416 1444 2486; baseline 0 -13"><span class='ocrx_word' id='word_1_179' title='bbox 313 2418 629 2486; x_wconf 81' lang='lat' dir='ltr'><strong>(Winckelmannprogr.</strong></span> <span class='ocrx_word' id='word_1_180' title='bbox 645 2418 749 2483; x_wconf 81' lang='lat' dir='ltr'><strong>Berlin)</strong></span> <span class='ocrx_word' id='word_1_181' title='bbox 763 2435 791 2486; x_wconf 90' lang='lat' dir='ltr'><strong>p.</strong></span> <span class='ocrx_word' id='word_1_182' title='bbox 803 2419 847 2468; x_wconf 85' lang='lat' dir='ltr'><strong>te:</strong></span> <span class='ocrx_word' id='word_1_183' title='bbox 870 2416 919 2470; x_wconf 82' lang='lat' dir='ltr'><strong>»Er</strong></span> <span class='ocrx_word' id='word_1_184' title='bbox 932 2418 970 2472; x_wconf 83' lang='lat' dir='ltr'><strong>lst</strong></span> <span class='ocrx_word' id='word_1_185' title='bbox 982 2417 1031 2471; x_wconf 89' lang='lat' dir='ltr'><strong>der</strong></span> <span class='ocrx_word' id='word_1_186' title='bbox 1043 2418 1186 2486; x_wconf 82' lang='lat' dir='ltr'><strong>Erneuger</strong></span> <span class='ocrx_word' id='word_1_187' title='bbox 1198 2421 1247 2472; x_wconf 89' lang='lat' dir='ltr'><strong>des</strong></span> <span class='ocrx_word' id='word_1_188' title='bbox 1261 2419 1444 2474; x_wconf 80' lang='lat' dir='ltr'><strong>Geschlechts</strong></span> 
     </span>
     <span class='ocr_line' id='line_1_23' title="bbox 310 2502 1445 2574; baseline -0.001 -16"><span class='ocrx_word' id='word_1_189' title='bbox 310 2521 362 2558; x_wconf 93' lang='lat' dir='ltr'><strong>nur</strong></span> <span class='ocrx_word' id='word_1_190' title='bbox 374 2507 403 2558; x_wconf 90' lang='lat' dir='ltr'><strong>iu</strong></span> <span class='ocrx_word' id='word_1_191' title='bbox 415 2520 447 2558; x_wconf 92' lang='lat' dir='ltr'><strong>so</strong></span> <span class='ocrx_word' id='word_1_192' title='bbox 459 2502 521 2558; x_wconf 81' lang='lat' dir='ltr'><strong>feru</strong></span> <span class='ocrx_word' id='word_1_193' title='bbox 538 2505 580 2556; x_wconf 89' lang='lat' dir='ltr'><strong>als</strong></span> <span class='ocrx_word' id='word_1_194' title='bbox 594 2519 624 2556; x_wconf 88' lang='lat' dir='ltr'><strong>er</strong></span> <span class='ocrx_word' id='word_1_195' title='bbox 636 2504 691 2558; x_wconf 89' lang='lat' dir='ltr'><strong>den</strong></span> <span class='ocrx_word' id='word_1_196' title='bbox 703 2505 787 2556; x_wconf 89' lang='lat' dir='ltr'><strong>Manu</strong></span> <span class='ocrx_word' id='word_1_197' title='bbox 805 2504 922 2568; x_wconf 88' lang='lat' dir='ltr'><strong>beseelt,</strong></span> <span class='ocrx_word' id='word_1_198' title='bbox 937 2502 1052 2558; x_wconf 84' lang='lat' dir='ltr'><strong>darauf</strong></span> <span class='ocrx_word' id='word_1_199' title='bbox 1069 2505 1131 2558; x_wconf 92' lang='lat' dir='ltr'><strong>dem</strong></span> <span class='ocrx_word' id='word_1_200' title='bbox 1150 2506 1240 2560; x_wconf 86' lang='lat' dir='ltr'><strong>lectus</strong></span> <span class='ocrx_word' id='word_1_201' title='bbox 1257 2506 1377 2574; x_wconf 86' lang='lat' dir='ltr'><strong>genialis</strong></span> <span class='ocrx_word' id='word_1_202' title='bbox 1395 2505 1445 2558; x_wconf 94' lang='lat' dir='ltr'><strong>mit</strong></span> 
     </span>
     <span class='ocr_line' id='line_1_24' title="bbox 310 2588 1445 2660; baseline -0.002 -16"><span class='ocrx_word' id='word_1_203' title='bbox 310 2591 360 2644; x_wconf 91' lang='lat' dir='ltr'><strong>der</strong></span> <span class='ocrx_word' id='word_1_204' title='bbox 371 2591 445 2643; x_wconf 85' lang='lat' dir='ltr'><strong>Fran</strong></span> <span class='ocrx_word' id='word_1_205' title='bbox 464 2589 523 2644; x_wconf 89' lang='lat' dir='ltr'><strong>sich</strong></span> <span class='ocrx_word' id='word_1_206' title='bbox 535 2590 668 2642; x_wconf 67' lang='lat' dir='ltr'><strong>vereints</strong></span> <span class='ocrx_word' id='word_1_207' title='bbox 692 2588 744 2642; x_wconf 87' lang='lat' dir='ltr'><strong>Oui</strong></span> <span class='ocrx_word' id='word_1_208' title='bbox 762 2589 803 2642; x_wconf 91' lang='lat' dir='ltr'><strong>rei</strong></span> <span class='ocrx_word' id='word_1_209' title='bbox 822 2589 925 2655; x_wconf 89' lang='lat' dir='ltr'><strong>optime</strong></span> <span class='ocrx_word' id='word_1_210' title='bbox 945 2591 1084 2653; x_wconf 91' lang='lat' dir='ltr'><strong>convenit,</strong></span> <span class='ocrx_word' id='word_1_211' title='bbox 1099 2592 1174 2660; x_wconf 90' lang='lat' dir='ltr'><strong>quod</strong></span> <span class='ocrx_word' id='word_1_212' title='bbox 1185 2590 1254 2645; x_wconf 93' lang='lat' dir='ltr'><strong>Iuno</strong></span> <span class='ocrx_word' id='word_1_213' title='bbox 1272 2591 1321 2644; x_wconf 91' lang='lat' dir='ltr'><strong>illa</strong></span> <span class='ocrx_word' id='word_1_214' title='bbox 1334 2589 1445 2660; x_wconf 89' lang='lat' dir='ltr'><strong>quidem</strong></span> 
     </span>
     <span class='ocr_line' id='line_1_25' title="bbox 311 2674 1444 2743; baseline -0.001 -14"><span class='ocrx_word' id='word_1_215' title='bbox 311 2682 341 2730; x_wconf 90' lang='lat' dir='ltr'><strong>et</strong></span> <span class='ocrx_word' id='word_1_216' title='bbox 350 2675 494 2728; x_wconf 88' lang='lat' dir='ltr'><strong>Pilumnus</strong></span> <span class='ocrx_word' id='word_1_217' title='bbox 503 2675 707 2743; x_wconf 92' lang='lat' dir='ltr'><strong>Picumnusque</strong></span> <span class='ocrx_word' id='word_1_218' title='bbox 721 2675 748 2726; x_wconf 92' lang='lat' dir='ltr'><strong>in</strong></span> <span class='ocrx_word' id='word_1_219' title='bbox 761 2674 983 2741; x_wconf 85' lang='lat' dir='ltr'><strong>indigitamentis</strong></span> <span class='ocrx_word' id='word_1_220' title='bbox 996 2679 1028 2727; x_wconf 95' lang='lat' dir='ltr'><strong>ut</strong></span> <span class='ocrx_word' id='word_1_221' title='bbox 1037 2675 1065 2728; x_wconf 92' lang='lat' dir='ltr'><strong>di</strong></span> <span class='ocrx_word' id='word_1_222' title='bbox 1076 2677 1236 2743; x_wconf 85' lang='lat' dir='ltr'><strong>coniugales</strong></span> <span class='ocrx_word' id='word_1_223' title='bbox 1248 2682 1444 2741; x_wconf 90' lang='lat' dir='ltr'><strong>memorantur,</strong></span> 
     </span>
     <span class='ocr_line' id='line_1_26' title="bbox 310 2760 1446 2831; baseline -0.002 -15"><span class='ocrx_word' id='word_1_224' title='bbox 310 2777 446 2831; x_wconf 90' lang='lat' dir='ltr'><strong>nusquam</strong></span> <span class='ocrx_word' id='word_1_225' title='bbox 464 2760 608 2814; x_wconf 90' lang='lat' dir='ltr'><strong>Hercules.</strong></span> <span class='ocrx_word' id='word_1_226' title='bbox 647 2760 854 2814; x_wconf 92' lang='lat' dir='ltr'><strong>Nihilominus</strong></span> <span class='ocrx_word' id='word_1_227' title='bbox 878 2761 903 2814; x_wconf 91' lang='lat' dir='ltr'><strong>si</strong></span> <span class='ocrx_word' id='word_1_228' title='bbox 926 2760 1043 2828; x_wconf 90' lang='lat' dir='ltr'><strong>probare</strong></span> <span class='ocrx_word' id='word_1_229' title='bbox 1066 2761 1109 2814; x_wconf 85' lang='lat' dir='ltr'><strong>vis</strong></span> <span class='ocrx_word' id='word_1_230' title='bbox 1130 2761 1258 2816; x_wconf 91' lang='lat' dir='ltr'><strong>Herculis</strong></span> <span class='ocrx_word' id='word_1_231' title='bbox 1275 2762 1446 2830; x_wconf 77' lang='lat' dir='ltr'><strong>Iunoniaque</strong></span> 
     </span>
     <span class='ocr_line' id='line_1_27' title="bbox 310 2839 1448 2918; baseline -0.002 -16"><span class='ocrx_word' id='word_1_232' title='bbox 310 2848 434 2918; x_wconf 90' lang='lat' dir='ltr'><strong>nuptias,</strong></span> <span class='ocrx_word' id='word_1_233' title='bbox 456 2863 490 2900; x_wconf 86' lang='lat' dir='ltr'><strong>ex</strong></span> <span class='ocrx_word' id='word_1_234' title='bbox 505 2847 573 2900; x_wconf 93' lang='lat' dir='ltr'><strong>artis</strong></span> <span class='ocrx_word' id='word_1_235' title='bbox 592 2847 723 2915; x_wconf 86' lang='lat' dir='ltr'><strong>operibus</strong></span> <span class='ocrx_word' id='word_1_236' title='bbox 741 2839 852 2916; x_wconf 79' lang='lat' dir='ltr'><strong>repetas</strong></span> <span class='ocrx_word' id='word_1_237' title='bbox 870 2863 986 2902; x_wconf 89' lang='lat' dir='ltr'><strong>necesse</strong></span> <span class='ocrx_word' id='word_1_238' title='bbox 1004 2853 1048 2901; x_wconf 91' lang='lat' dir='ltr'><strong>est</strong></span> <span class='ocrx_word' id='word_1_239' title='bbox 1065 2853 1228 2915; x_wconf 83' lang='lat' dir='ltr'><strong>argumenta</strong></span> <span class='ocrx_word' id='word_1_240' title='bbox 1245 2853 1302 2902; x_wconf 91' lang='lat' dir='ltr'><strong>tam</strong></span> <span class='ocrx_word' id='word_1_241' title='bbox 1320 2853 1398 2902; x_wconf 84' lang='lat' dir='ltr'><strong>certa</strong></span> <span class='ocrx_word' id='word_1_242' title='bbox 1416 2851 1448 2901; x_wconf 93' lang='lat' dir='ltr'><strong>ut</strong></span> 
     </span>
     <span class='ocr_line' id='line_1_28' title="bbox 310 2917 1446 3003; baseline 0 -15"><span class='ocrx_word' id='word_1_243' title='bbox 310 2934 380 2990; x_wconf 87' lang='lat' dir='ltr'><strong>nibil</strong></span> <span class='ocrx_word' id='word_1_244' title='bbox 393 2948 477 3003; x_wconf 91' lang='lat' dir='ltr'><strong>supra</strong></span> <span class='ocrx_word' id='word_1_245' title='bbox 489 2933 588 3002; x_wconf 86' lang='lat' dir='ltr'><strong>possit.</strong></span> <span class='ocrx_word' id='word_1_246' title='bbox 610 2931 692 2995; x_wconf 80' lang='lat' dir='ltr'><strong>Quod</strong></span> <span class='ocrx_word' id='word_1_247' title='bbox 704 2948 880 3002; x_wconf 89' lang='lat' dir='ltr'><strong>nequaquam</strong></span> <span class='ocrx_word' id='word_1_248' title='bbox 896 2917 1233 2989; x_wconf 73' lang='lat' dir='ltr'><strong>fecitReifferscheidius.</strong></span> <span class='ocrx_word' id='word_1_249' title='bbox 1255 2934 1354 3000; x_wconf 77' lang='lat' dir='ltr'><strong>Qualia</strong></span> <span class='ocrx_word' id='word_1_250' title='bbox 1372 2935 1446 2989; x_wconf 88' lang='lat' dir='ltr'><strong>enirn</strong></span> 
     </span>
     <span class='ocr_line' id='line_1_29' title="bbox 311 3017 1443 3091; baseline 0.001 -17"><span class='ocrx_word' id='word_1_251' title='bbox 311 3021 406 3085; x_wconf 85' lang='lat' dir='ltr'><strong>affert,</strong></span> <span class='ocrx_word' id='word_1_252' title='bbox 427 3035 540 3086; x_wconf 90' lang='lat' dir='ltr'><strong>prorsus</strong></span> <span class='ocrx_word' id='word_1_253' title='bbox 560 3022 625 3073; x_wconf 89' lang='lat' dir='ltr'><strong>sunt</strong></span> <span class='ocrx_word' id='word_1_254' title='bbox 642 3017 734 3072; x_wconf 86' lang='lat' dir='ltr'><strong>futilia</strong></span> <span class='ocrx_word' id='word_1_255' title='bbox 752 3034 843 3088; x_wconf 91' lang='lat' dir='ltr'><strong>neque</strong></span> <span class='ocrx_word' id='word_1_256' title='bbox 862 3021 1102 3074; x_wconf 89' lang='lat' dir='ltr'><strong>commemoranda</strong></span> <span class='ocrx_word' id='word_1_257' title='bbox 1120 3021 1233 3091; x_wconf 87' lang='lat' dir='ltr'><strong>quidem</strong></span> <span class='ocrx_word' id='word_1_258' title='bbox 1250 3026 1361 3090; x_wconf 90' lang='lat' dir='ltr'><strong>praeter</strong></span> <span class='ocrx_word' id='word_1_259' title='bbox 1379 3023 1443 3086; x_wconf 90' lang='lat' dir='ltr'><strong>duo,</strong></span> 
     </span>
    </p>
   </div>
   <div class='ocr_carea' id='block_1_4' title="bbox 196 3105 1512 3264">
    <p class='ocr_par' dir='ltr' id='par_1_6' title="bbox 196 3105 1512 3264">
     <span class='ocr_line' id='line_1_30' title="bbox 311 3105 1512 3177; baseline -0.004 -17"><span class='ocrx_word' id='word_1_260' title='bbox 311 3122 382 3177; x_wconf 89' lang='lat' dir='ltr'><strong>quae</strong></span> <span class='ocrx_word' id='word_1_261' title='bbox 406 3106 557 3175; x_wconf 89' lang='lat' dir='ltr'><strong>praecipue</strong></span> <span class='ocrx_word' id='word_1_262' title='bbox 577 3110 659 3173; x_wconf 88' lang='lat' dir='ltr'><strong>urget</strong></span> <span class='ocrx_word' id='word_1_263' title='bbox 675 3135 711 3144; x_wconf 85' lang='lat'><strong>—-</strong></span> <span class='ocrx_word' id='word_1_264' title='bbox 728 3105 792 3159; x_wconf 92' lang='lat' dir='ltr'><strong>dico</strong></span> <span class='ocrx_word' id='word_1_265' title='bbox 811 3107 954 3173; x_wconf 89' lang='lat' dir='ltr'><strong>speculum</strong></span> <span class='ocrx_word' id='word_1_266' title='bbox 972 3107 1119 3160; x_wconf 88' lang='lat' dir='ltr'><strong>Etruscum</strong></span> <span class='ocrx_word' id='word_1_267' title='bbox 1139 3107 1277 3171; x_wconf 79' lang='lat' dir='ltr'><strong>(Gerhard</strong></span> <span class='ocrx_word' id='word_1_268' title='bbox 1295 3107 1328 3159; x_wconf 90' lang='lat' dir='ltr'><strong>E.</strong></span> <span class='ocrx_word' id='word_1_269' title='bbox 1344 3107 1372 3160; x_wconf 81' lang='lat' dir='ltr'><strong>S.</strong></span> <span class='ocrx_word' id='word_1_270' title='bbox 1386 3109 1443 3172; x_wconf 82' lang='grc'>147)</span> <span class='ocrx_word' id='word_1_271' title='bbox 1494 3132 1512 3143; x_wconf 45' lang='grc' dir='ltr'><strong><em>υ</em></strong></span> 
     </span>
     <span class='ocr_line' id='line_1_31' title="bbox 196 3189 1446 3264; baseline -0.002 -17"><span class='ocrx_word' id='word_1_272' title='bbox 196 3247 204 3264; x_wconf 59' lang='grc'><strong>,</strong></span> <span class='ocrx_word' id='word_1_273' title='bbox 311 3199 340 3248; x_wconf 91' lang='lat' dir='ltr'><strong>et</strong></span> <span class='ocrx_word' id='word_1_274' title='bbox 357 3195 469 3247; x_wconf 91' lang='lat' dir='ltr'><strong>anulum</strong></span> <span class='ocrx_word' id='word_1_275' title='bbox 479 3191 722 3247; x_wconf 90' lang='lat' dir='ltr'><strong>Watertonianum</strong></span> <span class='ocrx_word' id='word_1_276' title='bbox 742 3189 855 3256; x_wconf 83' lang='lat' dir='ltr'><strong>(Annali</strong></span> <span class='ocrx_word' id='word_1_277' title='bbox 874 3193 924 3248; x_wconf 92' lang='lat' dir='ltr'><strong>l.c.</strong></span> <span class='ocrx_word' id='word_1_278' title='bbox 946 3197 1003 3245; x_wconf 90' lang='lat' dir='ltr'><strong>tav.</strong></span> <span class='ocrx_word' id='word_1_279' title='bbox 1018 3193 1107 3260; x_wconf 85' lang='lat' dir='ltr'><strong>d&#39;agg.</strong></span> <span class='ocrx_word' id='word_1_280' title='bbox 1123 3191 1158 3254; x_wconf 90' lang='lat' dir='ltr'><strong>H,</strong></span> <span class='ocrx_word' id='word_1_281' title='bbox 1170 3194 1199 3256; x_wconf 86' lang='lat' dir='ltr'><strong>i).</strong></span> <span class='ocrx_word' id='word_1_282' title='bbox 1226 3191 1321 3261; x_wconf 88' lang='lat' dir='ltr'><strong>Atque</strong></span> <span class='ocrx_word' id='word_1_283' title='bbox 1340 3192 1446 3260; x_wconf 87' lang='lat' dir='ltr'><strong>speculi</strong></span> 
     </span>
    </p>
   </div>
   <div class='ocr_carea' id='block_1_5' title="bbox 308 3278 1447 4390">
    <p class='ocr_par' dir='ltr' id='par_1_7' title="bbox 308 3278 1447 4390">
     <span class='ocr_line' id='line_1_32' title="bbox 311 3278 1446 3350; baseline -0.004 -16"><span class='ocrx_word' id='word_1_284' title='bbox 311 3280 424 3350; x_wconf 90' lang='lat' dir='ltr'><strong>quidem</strong></span> <span class='ocrx_word' id='word_1_285' title='bbox 437 3279 528 3347; x_wconf 85' lang='lat' dir='ltr'><strong>imago</strong></span> <span class='ocrx_word' id='word_1_286' title='bbox 541 3279 618 3332; x_wconf 91' lang='lat' dir='ltr'><strong>nullo</strong></span> <span class='ocrx_word' id='word_1_287' title='bbox 630 3279 712 3332; x_wconf 91' lang='lat' dir='ltr'><strong>modo</strong></span> <span class='ocrx_word' id='word_1_288' title='bbox 724 3279 761 3331; x_wconf 91' lang='lat' dir='ltr'><strong>ad</strong></span> <span class='ocrx_word' id='word_1_289' title='bbox 773 3280 885 3348; x_wconf 90' lang='lat' dir='ltr'><strong>nuptias</strong></span> <span class='ocrx_word' id='word_1_290' title='bbox 898 3278 1029 3347; x_wconf 89' lang='lat' dir='ltr'><strong>pertinet,</strong></span> <span class='ocrx_word' id='word_1_291' title='bbox 1041 3278 1117 3346; x_wconf 91' lang='lat' dir='ltr'><strong>quod</strong></span> <span class='ocrx_word' id='word_1_292' title='bbox 1127 3283 1156 3331; x_wconf 93' lang='lat' dir='ltr'><strong>et</strong></span> <span class='ocrx_word' id='word_1_293' title='bbox 1167 3279 1327 3332; x_wconf 86' lang='lat' dir='ltr'><strong>dextrarum</strong></span> <span class='ocrx_word' id='word_1_294' title='bbox 1340 3278 1446 3332; x_wconf 88' lang='lat' dir='ltr'><strong>iunctio</strong></span> 
     </span>
     <span class='ocr_line' id='line_1_33' title="bbox 310 3362 1447 3434; baseline -0.004 -13"><span class='ocrx_word' id='word_1_295' title='bbox 310 3367 356 3421; x_wconf 89' lang='lat' dir='ltr'><strong>vel</strong></span> <span class='ocrx_word' id='word_1_296' title='bbox 374 3367 486 3420; x_wconf 91' lang='lat' dir='ltr'><strong>omnino</strong></span> <span class='ocrx_word' id='word_1_297' title='bbox 504 3366 560 3420; x_wconf 92' lang='lat' dir='ltr'><strong>alia</strong></span> <span class='ocrx_word' id='word_1_298' title='bbox 578 3367 714 3434; x_wconf 90' lang='lat' dir='ltr'><strong>quaedam</strong></span> <span class='ocrx_word' id='word_1_299' title='bbox 733 3365 892 3418; x_wconf 91' lang='lat' dir='ltr'><strong>coniunctio</strong></span> <span class='ocrx_word' id='word_1_300' title='bbox 918 3363 961 3428; x_wconf 81' lang='lat' dir='ltr'><strong>(cf.</strong></span> <span class='ocrx_word' id='word_1_301' title='bbox 980 3379 1101 3418; x_wconf 91' lang='lat' dir='ltr'><strong>monum.</strong></span> <span class='ocrx_word' id='word_1_302' title='bbox 1121 3362 1269 3418; x_wconf 85' lang='lat' dir='ltr'><strong>Etruscum</strong></span> <span class='ocrx_word' id='word_1_303' title='bbox 1287 3379 1304 3418; x_wconf 89' lang='lat' dir='ltr'><strong>a</strong></span> <span class='ocrx_word' id='word_1_304' title='bbox 1322 3363 1447 3418; x_wconf 92' lang='lat' dir='ltr'><strong>Brunnio</strong></span> 
     </span>
     <span class='ocr_line' id='line_1_34' title="bbox 310 3449 1447 3521; baseline -0.004 -13"><span class='ocrx_word' id='word_1_305' title='bbox 310 3449 468 3508; x_wconf 86' lang='lat' dir='ltr'><strong>enarratum</strong></span> <span class='ocrx_word' id='word_1_306' title='bbox 486 3453 559 3506; x_wconf 88' lang='lat' dir='ltr'><strong>Mon.</strong></span> <span class='ocrx_word' id='word_1_307' title='bbox 575 3451 640 3506; x_wconf 87' lang='lat' dir='ltr'><strong>(lell&#39;</strong></span> <span class='ocrx_word' id='word_1_308' title='bbox 653 3452 718 3504; x_wconf 88' lang='lat' dir='ltr'><strong>inst.</strong></span> <span class='ocrx_word' id='word_1_309' title='bbox 733 3451 817 3517; x_wconf 90' lang='lat' dir='ltr'>VIII,</span> <span class='ocrx_word' id='word_1_310' title='bbox 838 3451 896 3505; x_wconf 86' lang='lat' dir='ltr'><strong>tab.</strong></span> <span class='ocrx_word' id='word_1_311' title='bbox 913 3451 944 3502; x_wconf 87' lang='grc'><strong>18</strong></span> <span class='ocrx_word' id='word_1_312' title='bbox 960 3452 1013 3521; x_wconf 76' lang='lat' dir='ltr'><strong>sq.)</strong></span> <span class='ocrx_word' id='word_1_313' title='bbox 1035 3449 1211 3505; x_wconf 86' lang='lat' dir='ltr'><strong>desideratur</strong></span> <span class='ocrx_word' id='word_1_314' title='bbox 1229 3457 1258 3504; x_wconf 87' lang='lat' dir='ltr'><strong>et</strong></span> <span class='ocrx_word' id='word_1_315' title='bbox 1274 3466 1351 3504; x_wconf 89' lang='lat' dir='ltr'><strong>ramo</strong></span> <span class='ocrx_word' id='word_1_316' title='bbox 1369 3452 1447 3505; x_wconf 91' lang='lat' dir='ltr'><strong>olea-</strong></span> 
     </span>
     <span class='ocr_line' id='line_1_35' title="bbox 309 3527 1444 3609; baseline -0.003 -16"><span class='ocrx_word' id='word_1_317' title='bbox 309 3542 385 3608; x_wconf 87' lang='lat' dir='ltr'><strong>gino,</strong></span> <span class='ocrx_word' id='word_1_318' title='bbox 406 3555 487 3609; x_wconf 91' lang='lat' dir='ltr'><strong>quem</strong></span> <span class='ocrx_word' id='word_1_319' title='bbox 506 3539 589 3594; x_wconf 86' lang='lat' dir='ltr'><strong>offert</strong></span> <span class='ocrx_word' id='word_1_320' title='bbox 606 3539 685 3603; x_wconf 92' lang='lat' dir='ltr'><strong>Iuno,</strong></span> <span class='ocrx_word' id='word_1_321' title='bbox 702 3537 779 3593; x_wconf 90' lang='lat' dir='ltr'><strong>Iovis</strong></span> <span class='ocrx_word' id='word_1_322' title='bbox 797 3538 898 3591; x_wconf 89' lang='lat' dir='ltr'><strong>coniux</strong></span> <span class='ocrx_word' id='word_1_323' title='bbox 917 3537 959 3602; x_wconf 88' lang='lat' dir='ltr'><strong>(id</strong></span> <span class='ocrx_word' id='word_1_324' title='bbox 977 3538 1053 3607; x_wconf 86' lang='lat' dir='ltr'><strong>quod</strong></span> <span class='ocrx_word' id='word_1_325' title='bbox 1071 3537 1126 3591; x_wconf 92' lang='lat' dir='ltr'><strong>iam</strong></span> <span class='ocrx_word' id='word_1_326' title='bbox 1145 3527 1205 3591; x_wconf 85' lang='lat' dir='ltr'><strong>toto</strong></span> <span class='ocrx_word' id='word_1_327' title='bbox 1224 3541 1300 3590; x_wconf 84' lang='lat' dir='ltr'><strong>statu</strong></span> <span class='ocrx_word' id='word_1_328' title='bbox 1318 3539 1444 3605; x_wconf 84' lang='lat' dir='ltr'><strong>apparet)</strong></span> 
     </span>
     <span class='ocr_line' id='line_1_36' title="bbox 310 3621 1446 3693; baseline -0.001 -17"><span class='ocrx_word' id='word_1_329' title='bbox 310 3624 407 3693; x_wconf 91' lang='lat' dir='ltr'><strong>procul</strong></span> <span class='ocrx_word' id='word_1_330' title='bbox 425 3624 510 3678; x_wconf 90' lang='lat' dir='ltr'><strong>dubio</strong></span> <span class='ocrx_word' id='word_1_331' title='bbox 529 3624 667 3678; x_wconf 89' lang='lat' dir='ltr'><strong>salutatur</strong></span> <span class='ocrx_word' id='word_1_332' title='bbox 679 3623 813 3677; x_wconf 87' lang='lat' dir='ltr'><strong>Hercules</strong></span> <span class='ocrx_word' id='word_1_333' title='bbox 826 3623 854 3675; x_wconf 96' lang='lat' dir='ltr'><strong>in</strong></span> <span class='ocrx_word' id='word_1_334' title='bbox 867 3621 1015 3693; x_wconf 87' lang='lat' dir='ltr'><strong>Olympum</strong></span> <span class='ocrx_word' id='word_1_335' title='bbox 1033 3623 1184 3691; x_wconf 84' lang='lat' dir='ltr'><strong>ingressus.</strong></span> <span class='ocrx_word' id='word_1_336' title='bbox 1212 3622 1335 3677; x_wconf 89' lang='lat' dir='ltr'><strong>Membra</strong></span> <span class='ocrx_word' id='word_1_337' title='bbox 1352 3629 1446 3678; x_wconf 89' lang='lat' dir='ltr'><strong>autem</strong></span> 
     </span>
     <span class='ocr_line' id='line_1_37' title="bbox 309 3708 1446 3776; baseline -0.002 -13"><span class='ocrx_word' id='word_1_338' title='bbox 309 3710 403 3764; x_wconf 86' lang='lat' dir='ltr'><strong>virilia</strong></span> <span class='ocrx_word' id='word_1_339' title='bbox 421 3717 451 3763; x_wconf 90' lang='lat' dir='ltr'><strong>et</strong></span> <span class='ocrx_word' id='word_1_340' title='bbox 468 3708 610 3764; x_wconf 86' lang='lat' dir='ltr'><strong>feminalia</strong></span> <span class='ocrx_word' id='word_1_341' title='bbox 628 3711 665 3764; x_wconf 90' lang='lat' dir='ltr'><strong>ad</strong></span> <span class='ocrx_word' id='word_1_342' title='bbox 675 3709 836 3764; x_wconf 89' lang='lat' dir='ltr'><strong>Terminum</strong></span> <span class='ocrx_word' id='word_1_343' title='bbox 848 3715 975 3776; x_wconf 88' lang='lat' dir='ltr'><strong>spectare</strong></span> <span class='ocrx_word' id='word_1_344' title='bbox 987 3715 1017 3763; x_wconf 90' lang='lat' dir='ltr'><strong>et</strong></span> <span class='ocrx_word' id='word_1_345' title='bbox 1029 3711 1212 3772; x_wconf 89' lang='lat' dir='ltr'><strong>Iuventatem,</strong></span> <span class='ocrx_word' id='word_1_346' title='bbox 1227 3709 1339 3763; x_wconf 90' lang='lat' dir='ltr'><strong>omnino</strong></span> <span class='ocrx_word' id='word_1_347' title='bbox 1350 3709 1446 3762; x_wconf 90' lang='lat' dir='ltr'><strong>Iovem</strong></span> 
     </span>
     <span class='ocr_line' id='line_1_38' title="bbox 310 3793 1445 3860; baseline -0.004 -10"><span class='ocrx_word' id='word_1_348' title='bbox 310 3797 496 3851; x_wconf 88' lang='lat' dir='ltr'><strong>Terminalem</strong></span> <span class='ocrx_word' id='word_1_349' title='bbox 514 3801 543 3850; x_wconf 91' lang='lat' dir='ltr'><strong>et</strong></span> <span class='ocrx_word' id='word_1_350' title='bbox 554 3796 644 3852; x_wconf 91' lang='lat' dir='ltr'><strong>virum</strong></span> <span class='ocrx_word' id='word_1_351' title='bbox 663 3801 691 3850; x_wconf 90' lang='lat' dir='ltr'><strong>et</strong></span> <span class='ocrx_word' id='word_1_352' title='bbox 710 3795 840 3849; x_wconf 79' lang='lat' dir='ltr'><strong>seminam</strong></span> <span class='ocrx_word' id='word_1_353' title='bbox 852 3811 907 3849; x_wconf 91' lang='lat' dir='ltr'><strong>una</strong></span> <span class='ocrx_word' id='word_1_354' title='bbox 920 3793 1016 3860; x_wconf 79' lang='lat' dir='ltr'><strong>luisse,</strong></span> <span class='ocrx_word' id='word_1_355' title='bbox 1031 3794 1192 3850; x_wconf 70' lang='lat' dir='ltr'><strong>berhardus</strong></span> <span class='ocrx_word' id='word_1_356' title='bbox 1204 3795 1329 3849; x_wconf 89' lang='lat' dir='ltr'><strong>ostendit</strong></span> <span class='ocrx_word' id='word_1_357' title='bbox 1343 3793 1445 3860; x_wconf 83' lang='lat' dir='ltr'><strong>(Akad.</strong></span> 
     </span>
     <span class='ocr_line' id='line_1_39' title="bbox 309 3881 1446 3952; baseline -0.004 -15"><span class='ocrx_word' id='word_1_358' title='bbox 309 3883 454 3938; x_wconf 89' lang='lat' dir='ltr'><strong>Abhandl.</strong></span> <span class='ocrx_word' id='word_1_359' title='bbox 470 3883 498 3947; x_wconf 90' lang='grc' dir='ltr'><strong>Ι,</strong></span> <span class='ocrx_word' id='word_1_360' title='bbox 514 3885 561 3934; x_wconf 85' lang='grc'><strong>291</strong></span> <span class='ocrx_word' id='word_1_361' title='bbox 576 3887 641 3952; x_wconf 82' lang='lat' dir='ltr'><strong>sq),</strong></span> <span class='ocrx_word' id='word_1_362' title='bbox 662 3883 703 3937; x_wconf 89' lang='lat' dir='ltr'><strong>ita</strong></span> <span class='ocrx_word' id='word_1_363' title='bbox 721 3887 753 3935; x_wconf 92' lang='lat' dir='ltr'><strong>ut</strong></span> <span class='ocrx_word' id='word_1_364' title='bbox 770 3898 826 3936; x_wconf 91' lang='lat' dir='ltr'><strong>non</strong></span> <span class='ocrx_word' id='word_1_365' title='bbox 839 3881 950 3936; x_wconf 88' lang='lat' dir='ltr'><strong>videam</strong></span> <span class='ocrx_word' id='word_1_366' title='bbox 968 3896 1054 3950; x_wconf 90' lang='lat' dir='ltr'><strong>quare</strong></span> <span class='ocrx_word' id='word_1_367' title='bbox 1072 3881 1125 3934; x_wconf 91' lang='lat' dir='ltr'><strong>hoc</strong></span> <span class='ocrx_word' id='word_1_368' title='bbox 1143 3896 1199 3933; x_wconf 93' lang='lat' dir='ltr'><strong>uno</strong></span> <span class='ocrx_word' id='word_1_369' title='bbox 1211 3881 1274 3935; x_wconf 92' lang='lat' dir='ltr'><strong>loco</strong></span> <span class='ocrx_word' id='word_1_370' title='bbox 1292 3881 1370 3935; x_wconf 92' lang='lat' dir='ltr'><strong>aliud</strong></span> <span class='ocrx_word' id='word_1_371' title='bbox 1389 3885 1446 3933; x_wconf 87' lang='lat' dir='ltr'><strong>sta-</strong></span> 
     </span>
     <span class='ocr_line' id='line_1_40' title="bbox 310 3968 1446 4038; baseline -0.005 -14"><span class='ocrx_word' id='word_1_372' title='bbox 310 3971 443 4025; x_wconf 90' lang='lat' dir='ltr'><strong>tuendum</strong></span> <span class='ocrx_word' id='word_1_373' title='bbox 455 3971 501 4024; x_wconf 87' lang='lat' dir='ltr'><strong>sit.</strong></span> <span class='ocrx_word' id='word_1_374' title='bbox 520 3968 643 4022; x_wconf 89' lang='lat' dir='ltr'><strong>Anulum</strong></span> <span class='ocrx_word' id='word_1_375' title='bbox 656 3974 751 4023; x_wconf 89' lang='lat' dir='ltr'><strong>autem</strong></span> <span class='ocrx_word' id='word_1_376' title='bbox 763 3968 915 4038; x_wconf 86' lang='lat' dir='ltr'><strong>nuptialem</strong></span> <span class='ocrx_word' id='word_1_377' title='bbox 929 3983 991 4022; x_wconf 90' lang='lat' dir='ltr'><strong>esse</strong></span> <span class='ocrx_word' id='word_1_378' title='bbox 1003 3981 1093 4036; x_wconf 90' lang='lat' dir='ltr'><strong>neque</strong></span> <span class='ocrx_word' id='word_1_379' title='bbox 1105 3983 1155 4036; x_wconf 87' lang='lat' dir='ltr'><strong>per</strong></span> <span class='ocrx_word' id='word_1_380' title='bbox 1168 3983 1198 4022; x_wconf 89' lang='lat' dir='ltr'><strong>se</strong></span> <span class='ocrx_word' id='word_1_381' title='bbox 1210 3968 1345 4037; x_wconf 90' lang='lat' dir='ltr'><strong>probatur</strong></span> <span class='ocrx_word' id='word_1_382' title='bbox 1357 3981 1446 4036; x_wconf 91' lang='lat' dir='ltr'><strong>neque</strong></span> 
     </span>
     <span class='ocr_line' id='line_1_41' title="bbox 310 4055 1446 4128; baseline -0.008 -15"><span class='ocrx_word' id='word_1_383' title='bbox 310 4075 343 4113; x_wconf 94' lang='lat' dir='ltr'><strong>eo</strong></span> <span class='ocrx_word' id='word_1_384' title='bbox 355 4059 431 4128; x_wconf 91' lang='lat' dir='ltr'><strong>quod</strong></span> <span class='ocrx_word' id='word_1_385' title='bbox 443 4058 513 4112; x_wconf 93' lang='lat' dir='ltr'><strong>Iuno</strong></span> <span class='ocrx_word' id='word_1_386' title='bbox 526 4058 672 4111; x_wconf 87' lang='lat' dir='ltr'><strong>Lanuvina</strong></span> <span class='ocrx_word' id='word_1_387' title='bbox 684 4061 712 4111; x_wconf 90' lang='lat' dir='ltr'><strong>et</strong></span> <span class='ocrx_word' id='word_1_388' title='bbox 725 4056 860 4110; x_wconf 88' lang='lat' dir='ltr'><strong>Hercules</strong></span> <span class='ocrx_word' id='word_1_389' title='bbox 873 4061 929 4110; x_wconf 87' lang='lat' dir='ltr'><strong>tam</strong></span> <span class='ocrx_word' id='word_1_390' title='bbox 948 4055 1015 4109; x_wconf 92' lang='lat' dir='ltr'><strong>mire</strong></span> <span class='ocrx_word' id='word_1_391' title='bbox 1028 4055 1241 4124; x_wconf 87' lang='lat' dir='ltr'><strong>coniunguntur.</strong></span> <span class='ocrx_word' id='word_1_392' title='bbox 1268 4056 1393 4123; x_wconf 87' lang='lat' dir='ltr'><strong>Namque</strong></span> <span class='ocrx_word' id='word_1_393' title='bbox 1412 4067 1446 4105; x_wconf 84' lang='lat' dir='ltr'><strong>ex</strong></span> 
     </span>
     <span class='ocr_line' id='line_1_42' title="bbox 309 4137 1446 4213; baseline -0.009 -14"><span class='ocrx_word' id='word_1_394' title='bbox 309 4147 362 4199; x_wconf 87' lang='lat' dir='ltr'><strong>hoc</strong></span> <span class='ocrx_word' id='word_1_395' title='bbox 380 4162 436 4199; x_wconf 93' lang='lat' dir='ltr'><strong>uno</strong></span> <span class='ocrx_word' id='word_1_396' title='bbox 454 4146 546 4213; x_wconf 87' lang='lat' dir='ltr'><strong>sigillo</strong></span> <span class='ocrx_word' id='word_1_397' title='bbox 564 4145 719 4198; x_wconf 88' lang='lat' dir='ltr'><strong>Etrusco</strong></span> <span class='ocrx_word' id='word_1_398' title='bbox 742 4149 849 4198; x_wconf 91' lang='lat' dir='ltr'><strong>tantum</strong></span> <span class='ocrx_word' id='word_1_399' title='bbox 868 4144 963 4208; x_wconf 89' lang='lat' dir='ltr'><strong>abest,</strong></span> <span class='ocrx_word' id='word_1_400' title='bbox 984 4147 1015 4197; x_wconf 90' lang='lat' dir='ltr'><strong>ut</strong></span> <span class='ocrx_word' id='word_1_401' title='bbox 1040 4143 1075 4197; x_wconf 89' lang='lat' dir='ltr'><strong>de</strong></span> <span class='ocrx_word' id='word_1_402' title='bbox 1093 4143 1226 4198; x_wconf 90' lang='lat' dir='ltr'><strong>Italico</strong></span> <span class='ocrx_word' id='word_1_403' title='bbox 1250 4143 1306 4195; x_wconf 92' lang='lat' dir='ltr'><strong>ritu</strong></span> <span class='ocrx_word' id='word_1_404' title='bbox 1329 4137 1446 4206; x_wconf 84' lang='lat' dir='ltr'><strong>nuptiali</strong></span> 
     </span>
     <span class='ocr_line' id='line_1_43' title="bbox 309 4223 1447 4301; baseline -0.008 -17"><span class='ocrx_word' id='word_1_405' title='bbox 309 4232 418 4301; x_wconf 88' lang='lat' dir='ltr'><strong>aliquid</strong></span> <span class='ocrx_word' id='word_1_406' title='bbox 436 4231 600 4286; x_wconf 91' lang='lat' dir='ltr'><strong>concludere</strong></span> <span class='ocrx_word' id='word_1_407' title='bbox 618 4231 769 4300; x_wconf 90' lang='lat' dir='ltr'><strong>possimus,</strong></span> <span class='ocrx_word' id='word_1_408' title='bbox 790 4235 822 4283; x_wconf 85' lang='lat' dir='ltr'><strong>ut</strong></span> <span class='ocrx_word' id='word_1_409' title='bbox 841 4245 875 4284; x_wconf 90' lang='lat' dir='ltr'><strong>ne</strong></span> <span class='ocrx_word' id='word_1_410' title='bbox 894 4231 978 4285; x_wconf 88' lang='lat' dir='ltr'><strong>liceat</strong></span> <span class='ocrx_word' id='word_1_411' title='bbox 997 4230 1108 4297; x_wconf 90' lang='lat' dir='ltr'><strong>quidem</strong></span> <span class='ocrx_word' id='word_1_412' title='bbox 1126 4245 1224 4294; x_wconf 92' lang='lat' dir='ltr'><strong>nosse,</strong></span> <span class='ocrx_word' id='word_1_413' title='bbox 1245 4226 1355 4296; x_wconf 90' lang='lat' dir='ltr'><strong>qualem</strong></span> <span class='ocrx_word' id='word_1_414' title='bbox 1380 4223 1447 4276; x_wconf 91' lang='lat' dir='ltr'><strong>ima-</strong></span> 
     </span>
     <span class='ocr_line' id='line_1_44' title="bbox 308 4317 901 4390; baseline -0.003 -18"><span class='ocrx_word' id='word_1_415' title='bbox 308 4321 401 4390; x_wconf 86' lang='lat' dir='ltr'><strong>ginem</strong></span> <span class='ocrx_word' id='word_1_416' title='bbox 420 4320 496 4373; x_wconf 92' lang='lat' dir='ltr'><strong>anuli</strong></span> <span class='ocrx_word' id='word_1_417' title='bbox 514 4320 591 4373; x_wconf 85' lang='lat' dir='ltr'><strong>illius</strong></span> <span class='ocrx_word' id='word_1_418' title='bbox 609 4317 704 4386; x_wconf 83' lang='lat' dir='ltr'><strong>opifex</strong></span> <span class='ocrx_word' id='word_1_419' title='bbox 722 4319 901 4388; x_wconf 86' lang='lat' dir='ltr'><strong>excerpserit.</strong></span> 
     </span>
    </p>
   </div>
   <div class='ocr_carea' id='block_1_6' title="bbox 0 0 1630 5130">
    <p class='ocr_par' dir='ltr' id='par_1_8' title="bbox 0 0 1630 5130">
     <span class='ocr_line' id='line_1_45' title="bbox 0 0 1630 5130; baseline 0 1"><span class='ocrx_word' id='word_1_420' title='bbox 0 0 1630 5130; x_wconf 95' lang='lat' dir='ltr'><strong> </strong></span> 
     </span>
    </p>
   </div>
  </div>
 </body>
</html>
