3250 5130
741 413 955 506 --ro--¹

282 599 361 666 tium
385 599 541 664 humanas
566 599 617 664 hic
638 600 874 683 intellegendas
897 620 968 666 esse
985 601 1126 685 nuptias,
1145 621 1226 682 (luas
1243 603 1275 666 di
1290 603 1420 684 generis

285 703 415 768 humani
444 703 584 768 fautores
613 704 710 768 beare
740 704 890 769 studeant
920 725 976 788 pro
1015 725 1074 771 sua
1102 705 1238 787 quisque
1266 705 1419 770 facultate

284 827 417 872 munera
443 807 582 872 ferentes
612 808 700 872 velut
721 809 867 873 Bacchus
890 808 1013 888 vinum,
1040 809 1216 874 Mercurius
1239 827 1354 892 greges
1367 809 1414 890 (l),

283 911 398 994 Apollo
410 911 543 992 musica,
556 910 654 976 Ceres
667 931 794 994 panem,
809 912 866 976 alii
878 911 954 994 alia,
968 912 1114 993 quiahoc
1127 913 1323 995 argumentis
1335 919 1421 977 esset

285 1013 511 1079 stabiliendum
536 1013 772 1079 vetustissimos
801 1015 939 1099 pictores
965 1035 1066 1097 aeque
1095 1036 1134 1080 ac
1156 1017 1315 1081 Romanos
1342 1015 1420 1079 arti-

285 1116 360 1182 fices
391 1117 631 1182 cotidianae
661 1117 747 1182 vitae
781 1118 911 1201 nuptias
941 1117 1072 1202 deorum
1102 1119 1286 1201 praesentia
1315 1117 1419 1199 magis

270 1221 439 1286 adornare
456 1220 606 1286 voluisse.
640 1221 741 1285 Immo
765 1221 810 1285 sic
833 1228 996 1303 putorem
1020 1241 1055 1286 se
1075 1221 1204 1286 habore.
1239 1221 1420 1303 Quadrigas

284 1325 370 1404 illas,
396 1324 429 1388 in
453 1324 569 1406 quibus
592 1331 677 1389 stant
708 1325 852 1391 homines
880 1329 1031 1406 (armatus
1054 1325 1215 1390 interdum
1238 1331 1271 1390 et
1292 1325 1414 1406 auriga)

285 1445 429 1510 quasque
459 1435 635 1509 sequuntur
656 1429 708 1492 vel
731 1428 924 1494 antecedunt
946 1428 1031 1493 aliae
1053 1428 1193 1510 figurae,
1223 1428 1316 1493 istius
1345 1427 1419 1493 aevi

285 1531 424 1596 artifices
448 1551 519 1595 cum
541 1531 675 1615 pingere
692 1531 889 1612 adamarent,
909 1531 1023 1597 eodem
1039 1537 1124 1596 statu
1148 1531 1245 1597 etiam
1267 1530 1344 1596 deos
1367 1551 1419 1596 re-

286 1635 547 1718 praesentabant,
581 1655 643 1715 quo
673 1634 818 1700 homines
849 1635 952 1700 videri
981 1634 1176 1719 gaudebant.
1223 1635 1273 1700 lta
1302 1655 1421 1717 magna

285 1757 433 1802 vasorum
456 1737 557 1802 moles
580 1743 630 1801 est
652 1743 730 1816 orta,
753 1738 787 1802 in
810 1738 926 1820 quibus
949 1738 982 1802 di
1004 1739 1037 1802 in
1060 1758 1153 1803 curru
1177 1743 1271 1819 stant,
1290 1737 1417 1822 ripolis,

286 1840 441 1917 Bacchus,
469 1840 647 1923 Neptunus,
676 1841 781 1904 Diana
797 1842 829 1922 (l)
858 1840 1051 1924 saepiusque
1074 1841 1155 1906 deus
1185 1847 1217 1906 et
1239 1840 1307 1906 dea
1328 1862 1348 1904 a
1371 1841 1421 1905 dis

286 1942 484 2024 circumdati,
511 1943 659 2008 Bacchus
687 1950 720 2009 et
742 1943 945 2026 Ariadnetf),
971 1943 1127 2008 Hercules
1157 1950 1189 2008 et
1216 1943 1359 2008 Minerva
1387 1945 1420 2008 in

288 2045 460 2130 Olympum
476 2046 560 2112 vecti
579 2047 667 2128 (quos
683 2046 814 2111 maritos
829 2053 942 2130 putare
957 2067 1041 2111 nunc
1064 2047 1192 2127 quidem
1208 2067 1302 2112 nemo
1325 2066 1421 2112 sanus

287 2149 383 2214 facile
413 2149 555 2213 animum
583 2149 738 2230 inducat),
773 2149 913 2230 denique
941 2149 1061 2215 femina
1089 2149 1147 2214 illa
1175 2150 1284 2215 velata
1313 2157 1344 2215 et
1375 2151 1423 2214 vir

287 2251 478 2337 saepissime
501 2253 671 2330 barbatus,
707 2252 790 2317 hanc
813 2253 943 2316 deorum
966 2273 1115 2336 pompam
1146 2253 1321 2336 nuptialem
1350 2271 1422 2318 csse

287 2375 328 2420 ex
350 2376 388 2420 eo
411 2353 446 2420 fit
462 2355 530 2420 veri
552 2354 760 2438 simillimum,
780 2355 855 2437 quia
869 2353 956 2420 faces
979 2373 1077 2439 saepe
1092 2357 1313 2421 anteferuntur
1327 2363 1423 2438 atque

287 2460 355 2524 fere
378 2478 507 2542 semper
528 2458 667 2523 feminae
698 2463 793 2542 caput
815 2458 888 2522 velo
917 2457 1088 2524 obductum
1117 2465 1177 2540 cst,
1209 2459 1297 2541 quod
1326 2459 1424 2524 laeva

288 2560 416 2646 prendit
444 2582 541 2626 manu
579 2561 726 2627 similiter
753 2581 792 2625 ac
821 2566 941 2644 nuptae
978 2562 1092 2626 solent.
1147 2561 1212 2626 Sed
1240 2562 1301 2626 hac
1326 2563 1360 2626 in
1389 2582 1423 2627 re

289 2663 558 2748 acquiescendum
581 2682 654 2728 csse
681 2682 809 2728 censeo.
857 2664 1004 2744 Namque
1035 2684 1106 2728 cum
1135 2665 1168 2728 in
1195 2665 1306 2730 horum
1330 2685 1425 2730 vaso-

275 2790 358 2833 rum
381 2770 478 2850 longa
501 2767 583 2832 serie
606 2786 766 2832 nonnum
789 2766 919 2850 quidem
942 2765 1074 2848 habeas,
1101 2787 1172 2849 quc,
1199 2767 1275 2850 quid
1296 2775 1421 2851 agatur,

288 2877 412 2956 pateat,
440 2891 518 2936 cave
541 2890 581 2934 ne
603 2870 638 2934 in
660 2870 859 2935 enucleando
882 2889 1011 2953 operam
1035 2877 1067 2935 et
1089 2871 1193 2936 oleum
1209 2871 1337 2954 perdas.
1363 2872 1426 2937 Co-

290 2975 456 3058 gitandum
481 2980 530 3039 est
553 2974 638 3039 enim
668 2973 806 3058 pictores
828 2973 901 3039 illos
927 2994 1139 3057 magnacum
1163 2974 1294 3040 levitate
1317 2982 1349 3040 et
1372 2995 1425 3040 ce-

289 3079 414 3144 leritate
437 3084 542 3144 certas
565 3076 684 3142 formas
707 3075 940 3160 multiplicasse
956 3083 987 3140 et
1003 3084 1159 3154 mutasse,
1187 3097 1287 3142 novas
1306 3077 1426 3160 figuras

290 3181 456 3248 addidisse
472 3201 577 3263 neque
592 3187 702 3245 tamen
719 3199 829 3244 omnes
844 3186 929 3244 corte
951 3167 1156 3244 distinxisse:
1183 3181 1330 3263 exemplo
1354 3187 1428 3246 sunt

290 3286 481 3353 feminarum
496 3285 635 3367 figurae,
655 3303 696 3348 eu
711 3283 827 3364 quibus
842 3283 986 3347 Minerva
1001 3288 1125 3348 tantum
1140 3284 1290 3365 cognosci
1306 3291 1422 3368 potest,

291 3391 368 3474 quin
392 3390 488 3455 etiam
512 3399 554 3453 ea·
573 3388 646 3471 ipsa
667 3386 826 3451 interdum
850 3386 919 3450 sine
943 3385 1045 3468 signis
1069 3391 1132 3451 stat
1160 3386 1194 3450 in
1217 3407 1312 3452 curru
1334 3387 1428 3452 iuxta

290 3493 511 3576 Herculeam.
560 3490 666 3554 Aliam
696 3489 780 3554 enim
810 3489 893 3554 hanc
924 3509 996 3555 esse
1020 3489 1172 3555 feminam
1199 3509 1262 3554 non
1284 3490 1428 3555 affirma-

291 3595 446 3679 veris**).
494 3595 599 3659 Etiam
630 3593 724 3657 huius
761 3591 899 3674 agminis
927 3593 1085 3676 imagines
1116 3592 1306 3658 documento
1339 3600 1424 3677 sunt,

293 3707 414 3784 quanta
429 3698 552 3764 arbitrii
575 3697 721 3762 libertate
737 3695 898 3780 pinxerint
915 3696 1139 3780 pictores***).
1175 3694 1266 3771 erae
1287 3717 1359 3762 cum
1381 3698 1428 3762 ita

292 3804 366 3886 sint,
380 3802 479 3887 probo
489 3799 718 3866 Lnekenbachi
736 3797 943 3880 thesim·13†)
959 3823 966 3863 :
987 3799 1049 3862 Dic
1061 3797 1208 3881 Neipurtq
1223 3803 1427 3866 acuererEr-

290 3932 604 3945 -...-.-.----

378 4011 402 4072 *l
423 4007 550 4064 Gerhard
567 4007 606 4061 ib.
628 4008 685 4056 tro.

362 4096 405 4159 *ll
425 4093 534 4148 Similia
552 4093 636 4146 affert
654 4090 779 4146 Gerhard
798 4089 836 4143 ib.
851 4088 879 4142 II
898 4107 924 4158 p.
939 4091 986 4142 169
1005 4091 1100 4144 adnot.
1118 4093 1158 4143 39.

343 4182 401 4245 m)
423 4179 458 4236 cf.
477 4179 538 4234 The
557 4194 640 4232 vases
658 4176 691 4231 of
705 4175 805 4231 britislr
818 4175 888 4230 llus.
903 4177 968 4240 460;
999 4174 1088 4240 Jahn,
1105 4176 1222 4232 Vasens.
1236 4176 1273 4232 Κ.
1290 4177 1429 4246 Ludwig’s

294 4271 354 4321 692.
369 4271 434 4334 693,
460 4269 510 4322 ubi
528 4283 578 4336 pro
597 4267 658 4320 viro
676 4264 796 4320 barbato
815 4263 924 4316 iuvenis
943 4267 987 4316 est
1005 4262 1105 4332 pictus.

371 4358 397 4420 ᾧ)
419 4355 517 4409 Jahrb.
536 4353 555 4407 f.
571 4353 652 4406 class.
668 4351 741 4405 Phil.
763 4349 854 4420 suppl.
870 4349 924 4411 XI,
940 4349 999 4402 636.
