3250 5130
736 409 949 468 ,42-

275 595 323 658 vir
344 595 400 659 ille
423 593 535 658 doetus
557 599 663 678 putat,
691 593 748 658 sed
772 594 884 677 prooul
908 593 1003 656 dubio
1026 594 1191 657 luoernam
1221 597 1329 676 gestat
1359 613 1413 656 oo-

274 698 403 762 lumbae
427 696 576 762 similem.
609 697 675 762 Sed
697 717 780 779 quae
803 695 862 760 illa
885 696 926 762 sit
948 696 1066 778 quidve
1090 696 1221 760 luoerna
1244 696 1305 762 sibi
1320 694 1409 778 velit,
1458 745 1461 750 .

275 800 381 865 dicere
411 821 474 865 non
496 801 611 865 ausim.
658 801 771 882 Neque
798 799 902 864 minus
926 799 1035 864 dubito
1059 798 1099 863 de
1123 799 1250 864 nomine
1279 798 1411 864 alterius

275 903 427 984 feminae,
455 924 537 986 quae
561 904 714 986 sequitur.
754 903 875 967 Horam
899 923 970 967 eam
993 921 1064 967 esse
1087 902 1166 966 mihi
1191 923 1255 967 non
1277 921 1412 986 persua-

275 1006 382 1082 serim,
402 1007 477 1088 quia
491 1007 650 1071 Horarum
673 1024 803 1089 prorsus
824 1005 974 1070 differunt
996 1005 1037 1069 ab
1059 1005 1111 1069 his
1126 1005 1295 1087 imagines.
1321 1005 1412 1082 Quae

275 1108 352 1192 quid
375 1110 434 1174 hoo
457 1109 527 1174 loeo
550 1108 658 1188 faeiat,
681 1108 715 1172 in
731 1109 896 1192 propatulo
920 1114 986 1173 est:
1011 1103 1108 1171 Serto
1121 1109 1241 1192 seruat
1263 1113 1295 1171 et
1318 1127 1358 1171 ea
1380 1113 1412 1171 et

276 1211 362 1295 apud
378 1211 514 1277 Statium
531 1212 657 1294 Apelle,
674 1210 1033 1287 Baoohus,Mereu1·ius.
1059 1211 1154 1275 Flore
1170 1210 1255 1274 enim
1272 1215 1304 1274 et
1318 1209 1411 1274 sertis

275 1315 393 1380 laureis
416 1315 552 1380 thalami
575 1315 680 1380 ornari
704 1315 853 1379 solebant
861 1315 909 1397 Ἲς
936 1313 1044 1394 itaque
1061 1312 1264 1378 Violentillae
1287 1332 1412 1395 quoque
1522 1331 1528 1340 ·

260 1418 408 1484 afronde
431 1418 536 1484 virent
557 1424 702 1502 postes«.
1100 1433 1105 1445 ·

361 1522 451 1586 Duas
474 1528 580 1586 autem
597 1519 680 1586 alias
696 1520 816 1602 figuras
832 1520 878 1584 sio
894 1539 966 1584 oum
981 1518 1407 1608 Rossbachioninterpretor:

275 1625 428 1690 feminam
452 1624 545 1689 deam
568 1624 657 1689 urbis
673 1625 833 1706 Fortunae
857 1623 958 1706 signis
979 1628 1140 1704 ornatam,
1167 1641 1303 1704 quaeum
1327 1642 1414 1687 oom-

274 1728 400 1812 parasis
412 1727 719 1812 Constantinopolim
735 1727 846 1792 urbem
862 1727 957 1792 modo
973 1727 1135 1790 Fortunae
1150 1725 1245 1790 modo
1254 1725 1414 1790 Victoriae

273 1850 361 1896 more
391 1830 604 1913 effictam**);
639 1831 743 1895 virum
772 1836 879 1894 autem
907 1829 1060 1908 Genium,
1094 1829 1156 1892 etsi
1184 1849 1267 1912 nego
1292 1834 1325 1892 et
1347 1827 1413 1892 Ge-

273 1933 361 1998 nium
395 1934 465 1998 looo
494 1933 727 2017 Polyhymniae
757 1933 896 2016 positum
925 1939 957 1997 et
980 1932 1040 1996 hoo
1063 1951 1137 1996 vere
1168 1931 1289 1997 diotmn
1318 1950 1407 1997 esse:

274 2038 330 2098 der
345 2039 582 2118 Reprdsentuat
597 2037 695 2117 J'ener
712 2034 969 2098 belletrista'soden
989 2034 1154 2098 litterator
1169 2037 1226 2098 cler
1240 2034 1415 2098 romisoheu

274 2139 468 2216 Kaioorzet't,
508 2139 622 2202 welche
658 2139 787 2218 Poenie,
824 2142 963 2219 Roman,
1000 2139 1166 2222 populare
1194 2137 1409 2220 Philosophiae,

278 2240 467 2306 Gesodicltte
504 2243 570 2322 aad
597 2241 753 2304 Rhetorilo
789 2243 954 2326 amfosste.
1005 2241 1116 2304 Duder
1153 2242 1210 2304 dos
1240 2242 1420 2317 Volamea'a

274 2345 366 2428 quasi
390 2363 440 2409 res
455 2365 518 2410 non
535 2345 580 2409 ita
595 2345 699 2429 possit
721 2344 892 2429 explicari,
919 2352 954 2409 ut
976 2350 1100 2410 statuas
1117 2343 1254 2409 Genium
1277 2343 1415 2410 hominis

274 2448 389 2512 afferre
418 2447 563 2531 nuptiale
585 2449 735 2512 volumen
765 2449 834 2531 [quo
857 2447 926 2513 sive
948 2447 1076 2512 tabulas
1107 2447 1265 2512 contineri
1292 2447 1413 2531 fingere

274 2550 332 2614 tibi
347 2551 397 2614 vis
420 2551 489 2615 sive
505 2571 635 2616 oarmen
654 2551 802 2634 aliquod,
822 2551 869 2614 nil
884 2554 1013 2634 moror).
1047 2551 1196 2616 Celerum
1219 2551 1413 2616 mouendum

274 2660 324 2718 est
346 2653 486 2718 Genium
509 2654 555 2718 sio
579 2653 708 2738 quidem
731 2674 795 2718 non
818 2654 1070 2738 repraesentem
1098 2654 1156 2718 sod
1178 2654 1263 2738 quod
1286 2661 1318 2718 et
1341 2675 1413 2719 oum

274 2759 433 2833 Fortuna,
460 2764 495 2822 ut
518 2758 664 2841 saepius,
690 2757 742 2821 hio
765 2777 891 2840 quoque
915 2756 1118 2840 coniungitur
1141 2764 1174 2822 et
1199 2757 1312 2840 longos
1340 2758 1414 2823 illos

274 2860 437 2925 oinoinnos
459 2861 557 2924 habet
572 2861 730 2943 Apollinis
753 2881 815 2952 non
839 2860 1023 2926 dissimiles.
1050 2861 1190 2944 proclive
1206 2867 1255 2925 est
1271 2861 1415 2926 oonieotu

273 2963 427 3028 artifioem
444 2963 538 3028 Genii
561 2963 697 3045 figuram
720 2985 791 3028 oum
812 2971 925 3048 patera
940 2970 972 3029 et
987 2964 1180 3047 cornucopia
1203 2964 1414 3030 sacrificantis

273 3073 416 3132 mutasse
446 3073 620 3149 togamque
643 3067 673 3132 ei
696 3073 728 3131 et
750 3068 878 3132 tabulas
900 3067 1061 3152 nuptiales
1090 3066 1218 3132 dedisse
1240 3067 1274 3132 iu
1295 3088 1413 3152 pompa

273 3169 411 3253 nuptiali
434 3169 576 3234 deorum.

359 3273 483 3350 Quibus
512 3274 608 3337 rebus
636 3272 790 3356 expositis
818 3279 987 3357 postquam
1015 3271 1168 3336 vidimus
1185 3272 1413 3338 caerimoniam

273 3374 403 3441 dextras
425 3375 581 3458 iungendi
603 3382 768 3456 totumque
787 3375 919 3440 duorum
943 3380 1133 3460 apparatum
1158 3373 1334 3440 Graecis
1357 3375 1416 3440 de-

274 3479 357 3560 beri,
383 3479 449 3542 iam
471 3497 681 3560 quaeramus,
708 3477 786 3558 quid
808 3477 983 3543 seeundum
1008 3479 1182 3542 Romanam
1205 3477 1304 3541 vitam
1335 3478 1415 3542 sori-

272 3582 374 3665 pserit
398 3588 503 3666 poeta,
531 3582 648 3646 artifex
669 3581 808 3645 finxerit.

361 3685 467 3764 Atque
505 3683 627 3748 Statius
664 3683 793 3764 quidem
802 3715 813 3756 ·,
861 3705 925 3767 qua
962 3684 1062 3767 pollet
1099 3691 1166 3748 arte
1204 3683 1412 3767 depingendi,

272 3786 342 3851 diei
365 3786 522 3870 nuptialis
543 3787 577 3850 in
600 3787 784 3851 universum
815 3787 937 3851 elaram
960 3786 1060 3850 oeulis
1084 3784 1201 3850 subicit
1221 3784 1412 3868 imaginem:

270 3890 371 3954 Multo
394 3909 489 3954 mane
511 3896 682 3972 utramque
706 3890 835 3954 domum
856 3889 1040 3954 hominibus
1066 3890 1222 3973 repletam
1245 3888 1409 3968 videmus;

271 3991 380 4057 omina
402 3993 584 4057 observant.
610 3998 718 4076 postes
741 3993 854 4058 fronde
877 3999 1007 4070 ornant,
1033 3992 1110 4056 dum
1132 3991 1280 4057 flammae
1303 3993 1415 4058 lucent

270 4096 305 4159 in
337 4093 495 4179 oompitis.
555 4096 624 4160 Iam
659 4095 805 4180 pronuba
840 4101 973 4178 nuptam
1008 4093 1139 4160 deducit
1171 4094 1284 4160 marito
1318 4101 1416 4177 atque

341 4247 363 4310 *i
384 4249 511 4317 Dilthey,
532 4265 595 4302 ann.
611 4249 675 4302 dell’
689 4249 753 4302 inst.
777 4251 853 4314 1869,
870 4251 912 4300 15.

324 4327 363 4386 ”t
385 4323 534 4390 Froehner,
555 4323 721 4379 Medaillons
739 4341 766 4392 p.
782 4328 831 4376 284
846 4341 887 4394 sq.
