3250 5130
685 469 900 535 Ηιμ.

311 658 398 724 Inter
427 667 546 744 nuptae
575 667 608 725 et
635 660 774 724 feminae
811 659 990 724 comitantis
1021 659 1127 742 capita
1155 658 1362 743 Hymenaeus

225 769 360 845 apparet
386 783 505 847 parvus
534 784 623 847 puer,
650 764 741 828 cuius
771 769 866 846 caput
888 761 989 844 vides,
1016 764 1098 845 atas,
1125 763 1239 845 facem,
1265 785 1362 848 quam

225 863 259 927 in
283 863 427 930 dextram
452 865 596 948 porrigit.
1203 859 1227 874 ⁸

312 985 398 1050 Inter
419 986 549 1050 maritos
572 992 607 1050 ut
629 985 817 1078 saepissime
840 987 885 1051 ita
906 985 959 1049 hic
974 1007 1098 1068 quoque
1114 988 1262 1052 Amorem
1285 1009 1361 1070 par-

224 1107 299 1152 vum
321 1089 450 1154 stetisse
473 1091 578 1154 elucet
606 1110 646 1154 ex
673 1089 754 1154 facis
785 1090 936 1165 frustulo,
963 1089 1047 1171 quod
1076 1110 1176 1174 prope
1199 1113 1219 1155 a
1241 1099 1365 1175 nuptae·

224 1212 321 1272 manu
345 1200 505 1258 servatum
528 1200 587 1258 est.

310 1314 410 1377 Totus
433 1313 650 1395 sarcophagus
670 1313 746 1394 quin
761 1313 803 1376 ad
819 1312 984 1390 Commodi
1006 1320 1150 1396 tempora
1173 1313 1360 1378 referendus

225 1415 275 1495 sit,
302 1436 366 1480 non
389 1424 437 1480 est
459 1417 602 1481 dubium.

310 1536 432 1599 Similis
447 1535 572 1600 videtur
587 1536 805 1620 sarcophagus
828 1555 910 1618 esse,
930 1536 983 1617 qui
1006 1536 1040 1599 in
1060 1556 1170 1601 museo
1190 1537 1359 1602 Torloniae

224 1638 412 1703 adservatur
420 1640 446 1722 *i
462 1664 469 1703 :
495 1639 777 1705 »Altoriiievo
805 1639 894 1703 Servi
912 1660 932 1702 a
947 1646 1116 1704 contenere
1132 1641 1163 1704 le
1179 1641 1303 1724 spoglie
1327 1641 1359 1705 di

222 1742 437 1825 personaggio
456 1743 578 1807 vissuto
601 1742 632 1806 ai
655 1742 754 1830 tempi
776 1741 810 1806 di
826 1742 970 1807 Settimio
993 1743 1124 1807 Severo.
1164 1743 1284 1810 Stanno
1307 1746 1360 1808 nel

223 1866 333 1917 mezzo
354 1867 397 1910 un
419 1848 512 1911 uomo
537 1847 671 1911 barbato
701 1846 742 1910 ed
772 1867 838 1909 una
867 1846 982 1926 donna,
1010 1865 1122 1929 presso
1152 1847 1184 1909 ai
1214 1848 1300 1926 quali
1332 1847 1360 1910 si

222 1968 368 2031 veggono
392 1970 455 2012 uua
477 1949 632 2014 fanciulla
654 1949 695 2014 ed
717 1971 759 2014 un
776 1949 940 2013 fanciullo.
974 1949 1086 2026 Questi
1109 1956 1159 2014 sta
1181 1950 1263 2013 collo
1286 1950 1359 2014 stite

224 2052 390 2116 scrivendo
419 2073 515 2136 sopra
542 2074 586 2116 un
615 2052 696 2116 libro
726 2057 837 2135 aperto
868 2051 911 2115 ed
937 2051 979 2114 ha
1009 2071 1120 2134 presso
1150 2071 1213 2114 uno
1243 2051 1359 2114 scrinio

224 2162 313 2220 entro
336 2157 368 2218 31
392 2156 487 2236 quale
501 2174 589 2220 sono
612 2157 726 2238 cinque
749 2155 852 2238 papiri
876 2155 1002 2219 rotolati
1026 2175 1043 2218 e
1072 2154 1181 2237 legati.
1216 2155 1360 2218 131311-
1448 2207 1450 2214 ,

223 2258 321 2321 0111113
343 2264 493 2342 presente
515 2279 580 2322 uua
603 2259 787 2337 cassettina,
800 2247 853 2321 'ed
876 2258 948 2322 ein
971 2264 1037 2322 atto
1060 2256 1093 2321 di
1115 2256 1246 2340 aprirla.
1279 2258 1360 2321 Pos-

224 2380 300 2424 sono
324 2360 401 2425 dirsi
424 2361 582 2426 allusione
605 2363 670 2426 alle
692 2381 800 2424 nome.
850 2360 1051 2425 Circondano
1077 2360 1101 2423 11
1123 2381 1246 2443 gruppo
1269 2361 1358 2443 prin-

223 2463 326 2547 cipale
342 2463 424 2528 varii
440 2465 645 2547 personaggi,
666 2459 724 2528 che
746 2465 820 2528 tutti
843 2464 948 2527 hanno
963 2465 1056 2548 uella·
1066 2484 1160 2528 mano
1176 2483 1217 2527 un
1233 2463 1356 2546 papiro.

223 2568 287 2630 Fra
308 2567 412 2649 questi
435 2589 477 2631 un
502 2568 605 2632 littore
629 2567 745 2632 ehiude
775 2568 808 2632 13
830 2566 1065 2650 composicione
1095 2588 1115 2630 a
1145 2566 1283 2630 sinistra.
1331 2567 1359 2630 Il

224 2670 289 2734 lato
312 2671 486 2754 posteriorc
509 2676 527 2736 e
550 2673 727 2736 baccellato
750 2693 770 2736 a
793 2669 908 2754 spira«

292 2927 315 2990 *J
335 2927 362 2979 P.
381 2927 413 2979 Ε.
430 2929 572 2994 visconti,
594 2928 731 2996 catalogo
750 2928 796 2981 dcl
814 2927 910 2982 Museo
922 2927 1054 2980 Torlonia
1072 2929 1131 2979 305.
