3250 5130
679 411 914 512 -41-Ι

221 641 338 718 klitrer,
365 641 427 702 olle
458 640 541 701 οάεν,
554 639 737 722 wercipsteos
758 639 922 722 mbplichst
944 639 1020 706 ciale
1043 641 1203 702 Personas
1232 661 1271 700 zu
1302 639 1354 700 be-

220 766 349 822 nennon,
376 743 419 805 ist
440 742 513 804 celer
528 743 577 826 oft
598 741 821 825 aoberechto'pt,
847 744 889 804 do
905 743 955 806 die
971 742 1111 806 Maleret‘
1130 743 1179 827 oft
1194 744 1354 804 Persooeo

220 845 373 922 zacchaei,
402 845 479 908 chae
502 843 704 906 indiuiduelle
731 847 894 908 Gaetulico
916 846 959 908 cm
981 845 1078 909 Since
1100 869 1139 907 zu
1160 845 1271 909 habea.

300 950 471 1014 Praeterea
493 947 526 1011 in
551 968 668 1031 pompa
689 948 826 1031 nuptiali
848 948 979 1013 deorum
1002 954 1175 1032 apparent:
1204 947 1353 1032 Apollo

220 1058 260 1116 et
289 1051 516 1115 Mercurius
544 1051 578 1116 in
607 1051 728 1135 puteali
755 1049 920 1116 Corinthio
956 1051 1004 1134 (de
1034 1072 1097 1132 quo
1128 1071 1225 1134 supra
1253 1050 1351 1132 dixi),

219 1161 302 1218 tres
332 1154 372 1218 di
394 1190 439 1200 -
464 1173 601 1235 namque
624 1153 805 1236 Apollinem
836 1155 961 1220 adesse.
982 1154 1191 1238 probabiliter
1220 1155 1355 1220 coniecit

109 1339 113 1346 Ι
220 1257 371 1323 Weloker
393 1295 435 1303 —-
464 1258 498 1321 in
528 1257 719 1341 anaglypto,
753 1257 839 1339 quod
868 1259 902 1322 in
931 1257 1010 1322 villa
1036 1258 1214 1323 Albanensi
1243 1257 1354 1322 adser-

220 1362 368 1439 vatur*);
395 1361 435 1426 de
458 1361 573 1444 quibus
595 1361 656 1425 hoc
679 1362 749 1426 loco
765 1381 828 1426 non
844 1361 960 1426 dicam.
993 1363 1061 1426 Hoc
1076 1369 1184 1426 tamen
1208 1381 1355 1424 moneam

219 1463 403 1546 Apollinem
425 1483 488 1528 non
512 1464 618 1528 minus
634 1485 673 1529 ac
688 1465 797 1529 Musas
813 1471 845 1530 et
858 1465 996 1530 Dianam
1019 1453 1154 1529 invasis
1169 1463 1354 1530 recentioris

219 1567 344 1645 aetatis,
367 1567 494 1631 etiamsi
515 1567 549 1630 in
564 1573 652 1632 certa
667 1567 789 1647 fabula,
808 1589 891 1650 quac
905 1573 1150 1652 repraesentata
1164 1573 1223 1647 est,
1250 1569 1354 1631 locum

219 1691 284 1734 non
296 1670 424 1749 habeat,
437 1675 545 1735 tamen
560 1671 742 1754 nuptiarum
753 1677 868 1736 testem
878 1671 1038 1737 interdum
1051 1691 1225 1752 occurrere,
1238 1676 1353 1736 testem

221 1773 317 1838 etiam
334 1773 544 1856 Proserpinae
566 1795 587 1838 a
602 1775 736 1840 Plutone
758 1782 870 1858 raptae
878 1776 938 1856 *Ἴ

305 1879 355 1941 En
370 1877 470 1942 habes
493 1884 593 1943 totum
610 1877 745 1945 deorum
764 1879 852 1962 apud
868 1879 1004 1944 Statium
1026 1899 1153 1960 agmen.
1187 1878 1225 1942 In
1247 1897 1354 1942 sarco-

219 1981 335 2064 phagis
351 1983 518 2064 praeterea
532 1982 705 2046 nonnullae
717 1981 849 2046 deorum
865 1989 896 2047 et
911 1982 1033 2046 similes
1045 1981 1176 2046 deorum
1189 1987 1356 2046 occurrunt

219 2083 341 2164 figurae
371 2081 413 2146 ad
436 2083 569 2148 virtutes
591 2085 645 2148 vel
667 2085 796 2149 omnino
825 2105 958 2150 munera
988 2084 1102 2149 mortui
1129 2083 1350 2166 significanda,

219 2186 309 2250 velut
330 2185 477 2251 Minerva
506 2193 562 2251 aut
576 2187 732 2269 Victoria,
769 2208 852 2269 quae
876 2187 973 2272 capiti
1003 2187 1112 2272 sponsi
1141 2185 1295 2270 sapientis
1322 2192 1355 2250 et

184 2288 323 2354 .'selicis
353 2309 502 2354 coronam
530 2290 694 2372 imponere
724 2299 827 2376 parat,
861 2298 916 2356 aut
946 2297 1099 2372 quattuor
1124 2290 1263 2355 feminae
1273 2289 1350 2370 11δέ),

218 2411 301 2473 quae
324 2411 472 2456 annonae
495 2393 692 2477 praefectum
714 2395 756 2476 (1)
777 2393 938 2475 quendam
957 2393 1000 2458 ad
1015 2393 1144 2477 nuptias
1166 2399 1198 2456 et
1220 2398 1354 2456 mortem

219 2501 404 2576 sequuntur,
417 2515 486 2560 cum
498 2495 571 2561 vivo
581 2517 659 2580 prae
671 2497 785 2562 ceteris
796 2497 915 2562 fuerint
924 2497 1011 2562 cordi
1022 2535 1062 2544 —
1073 2497 1186 2562 Portus
1199 2495 1350 2579 (Traiani)

217 2597 342 2662 Puteoli
363 2600 401 2678 (t)
430 2597 541 2663 Sicilia
562 2601 589 2680 (l
630 2599 739 2665 Africa
766 2601 893 2682 (quales
913 2601 1042 2665 Duhnio
1063 2600 1272 2680 videnturll.
1299 2598 1354 2660 In-

218 2700 343 2766 terdum
373 2702 472 2766 multo
504 2701 668 2768 difficilius
698 2703 816 2768 talibus
846 2703 956 2786 liguris
987 2725 1046 2770 sua
1071 2703 1183 2768 indere
1206 2700 1350 2778 nomina;

218 2805 295 2885 quin
310 2804 414 2876 etiam.
428 2824 558 2889 prorsus
580 2806 647 2870 fere
670 2806 904 2890 desperandum
929 2813 988 2872 est.
1022 2799 1178 2889 Equidem
1202 2805 1353 2870 feminam

217 2907 307 2972 illam
333 2909 367 2972 in
390 2909 589 2992 sarcophago
604 2909 760 2974 Vaticano
788 2911 870 2989 (sala
893 2912 974 2974 delle
996 2913 1123 2992 Mose),
1150 2929 1231 2992 quae
1254 2927 1354 2992 prope

218 3013 259 3076 ab
275 3011 462 3094 Hymenaeo
478 3019 553 3090 stat,
572 3019 657 3077 certo
673 3000 800 3078 nomine
817 3034 925 3079 carere
941 3015 1026 3079 malo
1042 3034 1137 3097 quam
1161 3011 1231 3077 sine
1255 3029 1354 3077 causa

217 3115 347 3197 Heben,
377 3114 595 3181 Huciuaoiac
624 3117 809 3230 veQimile
840 3117 916 3200 quid
945 3117 1065 3186 vocari.
1111 3117 1225 3198 Neque
1255 3116 1354 3180 multo

218 3219 332 3284 melius
355 3238 406 3284 res
430 3239 465 3284 se
487 3219 586 3284 habet
607 3220 641 3284 in
664 3227 812 3301 quattuor
833 3221 944 3302 figuris
966 3219 1185 3301 nominandis,
1213 3239 1296 3300 quae
1318 3219 1351 3282 in

218 3322 417 3405 sarcophago
441 3323 655 3388 Laurentiano
663 3325 712 3406 ††)
740 3323 912 3388 asinistra
935 3323 1204 3408 appropinquant.
1248 3323 1353 3402 Atque

218 3445 314 3506 quam
342 3425 559 3492 Rossbachius
580 3427 738 3492 Venerem
768 3428 935 3512 appellare
969 3448 1032 3492 non
1062 3425 1236 3503 dubitavit,
1269 3425 1353 3488 hanc

216 3548 280 3592 non
303 3547 374 3592 esse
397 3528 491 3594 deam
513 3531 566 3594 vel
589 3549 629 3594 ex
652 3549 690 3595 eo
713 3538 863 3615 apparet,
898 3531 984 3612 quod
1005 3543 1067 3595 n'on
1091 3527 1284 3611 columbam,
1317 3534 1353 3592 ut

287 3719 309 3780 *l
331 3717 423 3785 Zoega
440 3717 505 3771 br.
526 3723 546 3771 t.
563 3719 621 3781 101,
641 3717 774 3773 Welclrer
791 3717 828 3772 A.
843 3720 877 3773 D.
899 3719 939 3784 Il,
957 3721 986 3770 11
998 3734 1039 3788 sq.

269 3801 310 3867 ΗΕ1
331 3800 490 3865 Overbeck,
511 3804 546 3858 K.
562 3804 598 3856 M.
619 3803 675 3857 tab.
692 3803 742 3868 IV,
765 3806 806 3869 17,
820 3807 862 3856 27.

251 3887 307 3953 ***]
328 3887 365 3941 cf.
377 3889 449 3943 Bull.
462 3890 812 3955 deliacomm.com.1877,
827 3890 924 3945 XVIII
937 3914 968 3936 =
982 3890 1063 3956 Mota,
1075 3890 1183 3950 Antike
1193 3888 1352 3945 Bildwerkc

216 3968 310 4022 Rom's
328 3969 395 4019 3095
417 3967 501 4030 (Villa
518 3966 647 4038 Aquari).

279 4057 306 4117 †)
328 4053 436 4114 Brunn,
454 4052 645 4122 Sitzungsber.
661 4053 687 4106 d.
702 4053 729 4108 b.
745 4053 803 4106 Alr.
822 4055 895 4118 1881,
914 4056 962 4105 120
975 4070 1029 4124 sq,
1044 4054 1110 4109 deas
1129 4056 1170 4110 sic
1181 4057 1243 4110 vult
1255 4057 1351 4124 appel-

215 4132 269 4185 ari:
292 4129 386 4195 Ostia,
407 4130 608 4184 Alexandriam
625 4135 680 4195 (1),
702 4127 862 4196 Annonam,
885 4131 1055 4202 Aegyptum.

246 4221 308 4282 '††)
330 4219 372 4271 De
392 4216 444 4271 hoc
462 4216 635 4286 sarcophago
651 4235 678 4271 v.
693 4217 849 4282 Rossbach,
864 4218 946 4272 Rom.
960 4218 1128 4273 Hochzeits-
1140 4218 1349 4273 u.Ehedenkm.

216 4297 249 4344 411
262 4309 321 4362 sq,
353 4295 427 4348 illata
451 4295 470 4347 1.
483 4310 507 4347 c.
528 4297 610 4359 3090,
640 4295 751 4359 Thoria,
779 4295 830 4348 Die
855 4294 981 4350 Antiken
1005 4297 1034 4349 in
1058 4298 1113 4351 deu
1137 4295 1253 4351 Sticheu
1278 4297 1352 4353 Marc

216 4371 334 4428 Anton’s
358 4375 471 4442 pbsq.
491 4373 549 4428 tab.
564 4372 613 4427 IV.
689 4381 693 4390 '
