3250 5130
659 369 873 430 ..31-

175 535 400 619 sarcophago
430 535 576 600 Parisino
584 535 626 617 ³¹⁵).
674 536 794 600 Habitu
823 535 908 600 enim
937 534 1005 600 fere
1035 535 1147 601 eodem
1177 543 1242 619 est,
1276 537 1335 602 sed

198 639 232 703 in
262 639 449 706 dextram
479 640 612 704 vertitur
634 646 758 723 partem
780 659 884 722 neque
906 639 1073 703 brachium
1095 641 1240 724 porrigit;
1271 643 1335 706 ali-

198 760 294 823 quam
316 742 350 807 in
372 749 497 826 partem
520 742 635 806 similis
658 749 707 807 est
727 743 807 806 Iuno
837 743 871 805 in
892 743 956 807 alio
979 744 1178 827 sarcophago
1200 745 1335 811 Medeae

197 846 326 930 nuptias
348 852 626 930 repraesentante,
660 845 715 928 qui
737 866 821 910 nunc
850 845 978 928 quidem
1007 846 1061 910 ubi
1089 847 1139 928 sit,
1165 847 1330 932 incertum,
1363 843 1366 850 ’

199 954 295 1013 antea
323 949 357 1013 in
387 949 565 1014 Lancelotti
594 948 729 1014 aedibus
763 948 900 1031 erat**).
955 949 1027 1025 Qua
1056 969 1092 1013 re
1122 956 1212 1034 patet
1238 931 1333 1016 deam

114 1076 117 1080 ·
200 1071 324 1133 quoque
355 1051 549 1136 sarcophagi
572 1039 886 1135 Petropolitani***)‚
920 1071 1003 1134 quae
1034 1051 1180 1117 similiter
1201 1053 1334 1118 brachio

199 1162 343 1238 porrecto
371 1161 504 1238 nuptam
532 1155 600 1218 viro
631 1153 798 1219 traducere
828 1152 964 1236 videtur,
990 1155 1145 1220 Iunonem
1175 1175 1247 1221 esse
1275 1178 1334 1221 ve-

198 1263 344 1340 stemque
372 1257 504 1322 liberius
539 1278 634 1340 quam
663 1277 720 1341 pro
759 1256 821 1321 dea
856 1258 1027 1322 matronali
1062 1257 1231 1324 formatam
1260 1280 1331 1324 cum

197 1360 339 1424 Brunnio
356 1359 486 1424 artificis
502 1359 694 1425 artificiosae
715 1358 919 1424 tribuendam
941 1379 1013 1424 esse
1036 1346 1229 1444 elegantiae.
1266 1363 1332 1427 Ve-

196 1483 315 1545 nerem,
342 1483 437 1544 quam
459 1463 563 1547 primo
585 1462 696 1528 obtutu
719 1482 791 1526 eam
814 1461 945 1543 dixeris,
967 1483 1030 1527 non
1052 1481 1149 1547 posse
1170 1465 1331 1548 appellari

198 1567 251 1631 vel
274 1587 314 1631 ex
336 1585 374 1631 eo
396 1572 543 1650 apparet,
563 1565 649 1647 quod
660 1567 769 1630 Venus
792 1572 924 1650 nuptam
947 1567 1091 1648 sequitur
1109 1587 1180 1631 oum
1195 1567 1326 1648 Amore;

198 1689 280 1750 quae
303 1671 365 1736 dea
395 1669 569 1753 praecipue
592 1669 726 1733 Veneris
755 1689 834 1753 prae
864 1689 900 1734 se
928 1669 991 1735 fert
1013 1671 1133 1734 cultum
1160 1670 1194 1734 in
1223 1689 1331 1735 sarco-

195 1773 303 1857 phago
318 1772 474 1840 Vaticano
502 1773 692 1856 (Belcedere)
720 1771 1035 1852 1111111111111101).

282 1875 402 1940 Omnes
436 1875 577 1958 reliquos
613 1875 641 1939 si
676 1875 881 1959 perlustraris
912 1876 1143 1962 sarcophagos,
1184 1876 1330 1941 invenies
1386 1947 1387 1951 ,

195 1978 349 2044 lunonem
371 1999 435 2044 non
457 1978 522 2042 iam
544 1978 693 2044 liberiore
709 1977 904 2042 Graecorum
926 1979 1020 2043 modo
1042 1986 1326 2063 repraesentatam,

195 2081 254 2146 sed
276 2101 388 2148 severe
411 2088 443 2146 et
465 2082 579 2146 acerbe
602 2081 741 2145 mediam
764 2081 848 2146 inter
862 2081 941 2146 duos
964 2081 1097 2146 maritos
1112 2081 1324 2170 recedentem,

193 2185 239 2250 ita
260 2193 295 2250 ut
316 2207 446 2251 manum
469 2192 682 2267 utramque
710 2185 744 2249 in
767 2185 886 2248 umeris
916 2205 1024 2250 eorum
1049 2191 1148 2269 ponat
1174 2184 1232 2266 (sio
1254 2204 1329 2250 sae-

194 2289 339 2372 pissime)
381 2295 437 2369 aut
466 2295 628 2368 neutram;
668 2294 724 2352 aut
766 2288 814 2372 (id
849 2287 933 2372 quod
969 2289 1143 2372 perrarum)
1187 2287 1329 2352 dextram

195 2393 328 2457 collocet
361 2393 395 2456 in
424 2412 533 2456 umero
569 2391 663 2456 unius
701 2397 842 2472 tantum,
882 2391 973 2454 euius
1004 2390 1126 2456 formae
1161 2390 1224 2456 duo
1254 2391 1329 2455 novi

194 2497 417 2580 exemplat-l),
444 2516 515 2560 cum
545 2496 704 2560 modoad
727 2513 893 2578 sponsam,
921 2494 1015 2560 modo
1044 2495 1087 2558 ad
1109 2495 1212 2560 virum
1235 2515 1330 2560 versa

195 2597 328 2679 videtur,
354 2599 543 2690 plerumque
566 2604 674 2662 tamen
696 2604 795 2663 totam
818 2597 956 2662 ostendit
979 2598 1104 2662 faciem.

280 2702 402 2783 Restat,
428 2708 464 2766 ut
492 2702 658 2786 paneade
684 2703 796 2786 puella
826 2700 954 2778 addam,
981 2722 1063 2784 quae
1091 2707 1224 2785 nuptam
1254 2723 1329 2785 pro-

194 2805 344 2888 sequitur.
391 2807 441 2869 En
472 2805 572 2870 habes
603 2805 670 2869 fere
700 2824 827 2888 semper
855 2804 998 2888 puellam
1027 2805 1161 2869 humani
1186 2805 1326 2888 generis,

194 2928 276 2990 quae
299 2915 408 2972 tamen
436 2908 501 2972 iam
524 2907 714 2973 vestimento
731 2907 878 2990 aliquam
900 2908 934 2971 in
956 2915 1081 2992 partem
1103 2909 1144 2972 ab
1167 2908 1328 2972 cotidiano

193 3031 312 3092 genere
334 3013 477 3076 Romano
500 3017 691 3077 removetur.
734 3011 852 3076 Induta
874 3017 924 3076 est
946 3012 1031 3075 enim
1054 3018 1156 3094 veste,
1182 3031 1265 3094 quae
1288 3011 1328 3075 de

193 3115 285 3180 laevo
308 3135 418 3180 umero
446 3115 502 3197 (sic
524 3115 727 3200 saepissime,
754 3115 906 3196 quoniam
927 3121 1028 3198 nupta
1057 3114 1091 3177 in
1120 3113 1329 3197 sarcophagis

192 3218 380 3301 plerumque
402 3217 436 3280 in
458 3217 571 3282 dextra
593 3224 657 3282 stat
679 3219 779 3301 parte)
799 3218 893 3300 lapsa
914 3217 948 3280 in
970 3217 1063 3281 laevo
1086 3217 1215 3280 brachio
1229 3215 1329 3280 fibula
1435 3267 1446 3286 ,

191 3327 318 3386 tenetur
340 3327 436 3402 atque
458 3341 616 3405 persaepe
643 3322 738 3385 laevo
760 3320 891 3385 brachio
921 3339 1021 3404 prope
1044 3340 1064 3382 a
1086 3339 1183 3382 manu
1211 3319 1327 3382 iterum

192 3423 363 3506 excipitur,
389 3443 503 3488 manus
525 3429 670 3507 porrecta
692 3423 810 3487 nonin
832 3443 941 3486 umero
957 3422 1062 3506 posita
1081 3427 1130 3486 est
1153 3421 1212 3486 sed
1233 3421 1328 3484 lateri

193 3531 312 3608 nuptae
341 3513 435 3609 quasi
456 3525 620 3590 adlabitur
642 3533 750 3590 tenere
773 3546 846 3590 eam
868 3531 1062 3609 promotura.
1110 3524 1170 3588 Oui
1199 3524 1327 3607 puellae

192 3627 386 3710 respondent
417 3629 451 3692 in
473 3629 575 3693 altera
603 3635 693 3711 parte
724 3647 822 3713 saepe
851 3646 933 3693 unus
962 3626 1065 3691 duove
1088 3626 1149 3690 viri
1177 3626 1327 3690 maritum

265 3817 290 3881 *l
311 3817 410 3871 Clarae
428 3818 463 3870 M.
480 3817 515 3872 de
529 3832 567 3870 so.
583 3817 611 3871 ΙΙ
623 3818 662 3886 pl.
677 3818 733 3881 199,
746 3819 812 3880 210;
833 3817 915 3878 Matz,
931 3816 1100 3870 Monatsber.
1111 3816 1138 3868 d.
1151 3813 1324 3871 berhhkad.

191 3903 255 3953 rsrr
276 3917 304 3970 p.
319 3904 378 3963 193,
394 3905 454 3954 215.
1143 3908 1145 3911 ·

247 3985 289 4053 **)
310 3989 385 4042 Metu
407 3989 461 4043 l.c.
482 3993 541 4054 194,
557 3992 616 4042 217.

229 4073 286 4139 ***)
307 4075 382 4130 Mon.
401 4077 464 4130 dell'
478 4078 544 4132 inst.
564 4078 618 4146 IV,¹
636 4081 651 4128 9
672 4100 703 4122 =
721 4075 767 4145 fig.
784 4079 807 4131 1.

263 4165 289 4227 l)
313 4161 439 4216 Gerhard
457 4158 492 4214 A.
507 4163 541 4218 B.
560 4163 690 4218 LXXIV.

240 4250 287 4312 11)
308 4249 396 4313 Matz,
411 4247 519 4303 Antike
531 4249 690 4314 Bildwerlre
703 4249 731 4301 in
743 4251 814 4302 Rom
828 4250 894 4300 3995
914 4271 945 4293 =
964 4248 1037 4303 Bull.
1048 4248 1123 4303 della
1136 4264 1205 4301 com.
1214 4263 1324 4304 comun.

190 4335 255 4386 1877
276 4339 334 4389 tav.
350 4335 460 4397 XVIlI;
491 4336 565 4388 Matz
584 4336 621 4389 ib.
637 4338 712 4390 3099.
