3250 5130
739 403 954 462 -24.„

281 593 378 658 certis
400 591 495 655 nixus
515 588 673 672 exemplis
693 587 870 654 rectissime
894 587 1056 654 contendit
1072 589 1296 672 Murquardtus
1317 593 1348 674 (l.
1360 595 1416 677 c).

282 696 348 760 Sub
375 694 471 759 finem
500 692 702 777 epithalamii
731 693 851 776 proprii
886 693 967 772 loco,
1001 692 1085 774 quod
1115 694 1320 777 Hymenaeus
1349 696 1420 780 ipse

284 817 399 864 canere
429 796 608 880 »quaerit«,
635 795 791 860 nonnulla
821 795 861 860 dc
890 795 982 860 novis
1012 795 1136 861 maritis
1165 796 1287 862 Statius
1316 798 1416 864 addit.

289 903 494 984 (233-277.)

370 1004 495 1082 Quibus
517 1004 613 1068 rebus
635 1001 824 1086 praemissis
847 1002 986 1067 breviter
1000 1001 1053 1067 hic
1069 1001 1246 1086 adpingam
1270 1005 1419 1070 carminis

287 1115 510 1192 conspectum:

365 1213 404 1276 A.
438 1208 640 1276 Caerimonia
662 1207 816 1292 nuptialis
839 1207 873 1272 in
889 1208 1094 1274 Violentillae
1113 1209 1207 1275 domo
1231 1210 1420 1276 describitur

497 1315 639 1398 (1—45).

514 1419 629 1480 1-23.
662 1414 850 1480 Violentilla
875 1415 997 1481 Stellae
1026 1415 1162 1480 traditur
1190 1415 1240 1481 dis
1262 1417 1420 1483 adiuvan-

664 1517 760 1582 tibus.

492 1626 630 1685 nat-45.
664 1621 797 1686 Summa
819 1621 941 1685 Stellae
964 1621 1170 1704 praedicatur
1192 1621 1343 1688 felicitas.

578 1727 717 1788 46-50.
751 1723 938 1788 Traducunt
953 1724 1095 1788 animum
1111 1725 1154 1789 ad
1169 1725 1349 1791 accuratius
1371 1727 1421 1790 in-

749 1826 979 1909 tellegendum,
1005 1826 1163 1909 quomodo
1186 1826 1267 1894 haec
1290 1834 1359 1893 crta
1381 1829 1423 1894 sit

751 1928 898 1994 felicitas.

373 2038 410 2100 B.
443 2035 533 2113 Quae
563 2040 638 2099 ante
668 2031 753 2098 diem
789 2032 966 2116 nuptialem
1003 2039 1097 2116 gesta
1130 2039 1205 2098 sunt
1237 2040 1424 2099 enarrantur

497 2138 682 2220 (51-228p

471 2244 631 2328 515200.
664 2240 774 2303 Venus
805 2245 837 2304 et
858 2238 956 2303 Amor
986 2239 1145 2321 efficiunt,
1179 2245 1214 2304 ut
1237 2241 1424 2306 Violentilla

491 2395 495 2400 .
595 2327 620 2398 ¹.
666 2340 797 2407 tandem
820 2341 882 2405 sibi
905 2341 985 2405 dura
1007 2341 1166 2406 videatur.

449 2450 632 2513 not-228.
664 2446 784 2510 Iterum
815 2445 918 2510 Stella
953 2443 1112 2522 laudatur,
1152 2443 1238 2526 quod
1273 2449 1305 2507 et
1333 2444 1423 2526 virgo

663 2549 794 2632 nuptias
817 2547 967 2613 adnuerit
989 2555 1020 2613 et
1043 2548 1076 2614 di
1098 2547 1161 2633 ipsi
1183 2546 1225 2612 ad
1254 2546 1313 2611 has
1336 2547 1423 2612 cele-

665 2651 808 2718 brandas
831 2650 1031 2716 advenerint.

557 2759 739 2820 nte-232.
772 2755 891 2820 Iterum
921 2754 1090 2820 traducunt
1111 2755 1164 2819 vel
1195 2753 1351 2819 reducunt
1377 2754 1424 2818 lc-

774 2864 903 2941 gentcm
947 2857 988 2922 ad
1037 2857 1280 2940 caerimoniam,
1329 2876 1424 2939 quam
1461 2907 1464 2914 .

773 2961 864 3026 initio
907 2961 1112 3044 reliquimus,
1161 2981 1231 3025 curn
1275 2958 1461 3025 enarrant*

773 3084 856 3148 quae
878 3063 962 3128 hanc
983 3071 1237 3148 praecesserunt.

376 3173 414 3239 (l.
446 3174 511 3238 Res
540 3190 633 3255 porro
661 3174 815 3234 tractatur
844 3173 877 3232 et
909 3167 1086 3232 absolvitur
1128 3167 1192 3251 (die
1227 3167 1420 3252 nuptiarum)

501 3271 707 3357 (233—277).

454 3379 637 3441 nee-241.
669 3375 742 3439 finis
765 3372 989 3466 caerimoniae.

453 3482 600 3546 nen-27
606 3483 635 3542 7.
669 3475 913 3561 epithalamium
936 3476 1109 3561 proprium.

376 3586 477 3652 Vides
506 3602 635 3650 carmen
668 3579 840 3646 artificiose
873 3581 1102 3664 compositum,
1136 3581 1232 3663 quale
1260 3599 1298 3644 eo
1328 3577 1427 3642 confi-

291 3690 419 3758 dentius
443 3687 544 3754 Statio
566 3686 630 3770 ipsi
651 3684 770 3764 tribuo,
796 3684 882 3766 quod
905 3704 965 3767 ego
987 3685 1077 3748 nullo
1100 3687 1275 3748 commotus
1304 3681 1427 3765 pruritu

291 3812 442 3860 versuum
458 3791 519 3857 sibi
534 3786 796 3874 respondentium
811 3787 1009 3872 depingendi
1029 3786 1214 3868 imaginem,
1233 3802 1304 3848 curn
1325 3785 1428 3849 solum

291 3897 485 3982 respicerem
507 3913 612 3959 rerum
635 3890 777 3958 ordinem
801 3897 834 3956 et
855 3911 1020 3971 conexum,
1039 3889 1072 3954 in
1095 3889 1178 3952 banc
1199 3886 1298 3953 incidi
1320 3886 1428 3952 distri-

292 4001 467 4068 bulionem.

379 4105 485 4188 Atque
513 4102 595 4168 haec
623 4099 752 4186 quidem
789 4097 918 4183 nuptias
948 4094 1135 4163 celebrandi
1164 4094 1263 4178 ratio,
1300 4113 1363 4178 qua
1394 4093 1429 4158 id

294 4209 401 4291 agitur
417 4214 453 4273 ut
474 4226 602 4273 carmen
617 4225 681 4271 non
696 4203 791 4269 modo
807 4200 1098 4286 comparationibus
1114 4205 1242 4265 ornetur
1256 4217 1296 4262 cx
1318 4196 1430 4262 fabula

295 4311 437 4394 undique
459 4309 613 4394 repetitis,
634 4307 804 4374 sedetiam
824 4305 956 4371 deorum
978 4303 1120 4388 ipsorum
1143 4299 1312 4387 splendeat
1333 4319 1429 4385 prae-
