3250 5130
550 391 969 478 --11-,

284 577 324 641 V.
339 579 410 639 149.
458 575 543 654 Quid
570 577 631 641 sibi
652 577 722 641 vult
740 578 891 662 flectes
918 581 1023 660 onya?
1067 577 1336 667 Sic-interpreta-
1356 590 1405 641 149

196 683 316 747 bantur
337 699 450 744 vocem
460 679 571 764 flexus
592 679 654 744 viri
677 679 778 744 docti:

286 783 464 848 Domitius:
478 784 597 868 flerem,
624 783 775 866 quoniam
797 785 831 848 in
852 784 943 849 varia
965 805 1063 868 opera
1085 783 1290 864 flectebatur,

285 887 514 952 Forcellinius:
538 887 627 951 varic
651 887 849 966 elaboratus;
1224 873 1226 880 Α

286 977 450 1055 Barthius:
478 997 568 1055 torno
592 990 794 1056 elaboratus,

276 1093 351 1174 ,Qui
366 1114 407 1159 nc
423 1115 463 1158 ex
477 1093 539 1158 hoc
560 1114 623 1158 uno
638 1094 708 1158 loco
732 1093 924 1178 sapientiam
940 1113 1033 1160 suam
1048 1094 1224 1176 hauserint,
1243 1095 1339 1160 ualde

201 1217 326 1263 vercor.
375 1197 518 1260 Flectere
557 1197 643 1262 enim
671 1197 794 1262 nullam
824 1197 922 1261 aliam
952 1197 1050 1262 habet
1084 1198 1247 1262 notionem
1275 1198 1340 1262 nisi

202 1301 325 1386 bieqec,
362 1301 495 1382 decepere,
536 1301 676 1382 accudere,
715 1301 883 1366 translate:
920 1302 1069 1385 dewepeu.
1116 1302 1235 1364 Flemus
1264 1321 1340 1384 ergo

202 1403 363 1487 significat
382 1407 528 1488 qeboqec,
554 1403 657 1468 flexus
685 1424 771 1488 onyx
793 1404 929 1470 fortasse
960 1411 1047 1469 esset
1074 1425 1161 1488 onyx
1182 1404 1341 1470 flectendo

204 1508 403 1590 elaboratus,
437 1507 496 1572 sed
517 1506 595 1590 quid
622 1506 682 1571 hoc
711 1507 754 1571 ad
782 1506 961 1591 onychcmt
1003 1507 1154 1589 Accedit,
1187 1507 1273 1589 quod
1301 1527 1342 1571 ne

207 1615 281 1693 apte
311 1608 441 1691 quidem
468 1609 529 1674 hoc
557 1609 626 1674 loco
658 1609 816 1676 diceretur
845 1631 931 1694 onyx
960 1610 1049 1675 varic
1079 1610 1261 1676 elaboratus
1290 1611 1342 1676 vel

206 1712 312 1776 simile
336 1711 421 1794 quid,
442 1713 518 1794 quia
539 1712 592 1776 hio
608 1713 648 1777 de
665 1713 801 1778 diuersis
817 1713 964 1798 lapidum
987 1712 1199 1780 coloribus
1222 1713 1339 1797 agitur.

207 1815 419 1892 Quamobrem
445 1815 509 1879 iam
532 1815 684 1881 Heinsius
707 1815 783 1898 quid
811 1817 859 1881 rei
882 1823 969 1881 essct
991 1823 1077 1882 recte
1101 1817 1227 1882 videtur
1248 1817 1344 1882 intel-

204 1918 338 1999 lexisse,
373 1913 435 1983 etsi
464 1918 714 2000 haudquaquam
737 1939 849 1985 verum
878 1919 1016 1984 restituit
1045 1920 1206 1985 coniciens
1225 1922 1345 2004 fuscus

212 2021 335 2110 wetere,
373 2021 458 2103 quod
487 2029 657 2106 praetcrea
686 2022 850 2106 proponit,
883 2022 1017 2087 ridiculo
1052 2042 1131 2088 sane
1159 2037 1265 2087 errore
1296 2029 1345 2086 est

209 2131 326 2205 ortum,
360 2144 431 2190 cum
462 2124 620 2189 conferret
649 2125 720 2188 silv.
746 2126 778 2206 I,
799 2130 828 2206 5,
849 2129 888 2190 35
911 2134 1067 2189 maeret
1086 2127 1117 2209 (1)
1146 2147 1228 2210 eope
1256 2125 1346 2209 loupe

207 2225 249 2292 cf.
290 2247 349 2308 ea,
391 2247 474 2309 quae
508 2227 543 2291 in
585 2228 763 2312 exemplari
797 2227 1002 2312 Gottingensi
1041 2228 1204 2312 adscripta
1244 2230 1343 2311 sunt).

209 2329 369 2410 Equidem
397 2329 586 2396 iamdudum
615 2331 813 2396 conieceram
830 2332 956 2416 flacus,
991 2332 1076 2414 quod
1099 2331 1236 2396 Statium
1266 2331 1347 2395 scri-

208 2433 315 2516 psisse
338 2433 521 2499 etiamnunc
545 2433 624 2498 mihi
651 2442 701 2499 est
730 2434 1006 2499 verisimillimum.
1055 2435 1150 2518 Onyx
1171 2434 1255 2518 lapis
1279 2441 1348 2499 erat

210 2535 324 2617 flavus,
352 2543 388 2600 ut
410 2537 528 2602 scimus
550 2557 591 2601 cx
607 2537 691 2601 Plin.
710 2539 800 2619 36,·8
815 2539 891 2620 (12),
912 2542 946 2602 61
968 2538 1166 2622 »probantur
1193 2539 1247 2620 (sc.
1267 2557 1348 2620 ony-

210 2639 296 2722 ches)
331 2659 426 2721 quam
455 2640 594 2704 maxime
621 2640 765 2705 mellei
799 2641 954 2705 coloris
981 2641 1015 2705 in
1044 2641 1163 2706 vertice
1191 2640 1348 2705 maculosi

211 2750 307 2824 atque
329 2763 393 2807 non
416 2743 598 2809 tralucidi«.
1170 2739 1173 2746 ’

295 2846 334 2910 V.
360 2850 432 2909 154.
482 2847 588 2912 Etiam
625 2845 685 2912 hoc
717 2847 786 2912 loco
819 2850 866 2912 m2
896 2868 1084 2933 perversum
1121 2847 1348 2932 superscripsit
1368 2856 1417 2906 154

210 3001 246 3065 in
271 3004 326 3083 M,
359 3001 414 3083 qui
444 3001 575 3067 exhibet
605 2963 747 3084 dedisce,
781 3005 847 3067 RB
872 3004 1028 3088 praebent
1055 3003 1201 3067 demisso.
1249 3004 1288 3067 In
1310 3007 1354 3068 M

210 3105 312 3170 latere
342 3107 472 3168 decussa
501 3105 556 3169 vix
586 3112 636 3170 est
665 3107 751 3190 quod
780 3126 1039 3188 commemorem,
1072 3107 1158 3190 quod
1188 3107 1285 3172 etiam
1314 3107 1349 3170 in

212 3231 233 3270 a
268 3207 366 3272 inest.
426 3209 495 3272 Iam
532 3209 743 3274 Marklandus
780 3209 822 3276 ad
857 3211 943 3274 hunc
978 3211 1083 3274 locum
1119 3211 1213 3275 affert
1248 3210 1346 3292 Verg.

213 3309 331 3391 Georg.
350 3311 393 3391 H,
414 3315 491 3374 404:
509 3311 659 3396 fripe'duo
681 3320 712 3376 et
733 3313 821 3376 silvis
839 3313 957 3396 Aquilo
980 3313 1161 3376 decussit
1182 3313 1344 3392 docorem3

212 3411 254 3476 cf.
280 3413 356 3476 Hor.
383 3413 477 3497 epod.
496 3415 559 3495 XI,
580 3417 682 3498 6sq.:
715 3416 766 3478 de'c
798 3416 906 3480 tertius
929 3417 1104 3480 December
1129 3463 1237 3480 .....
1263 3416 1350 3479 silvis

214 3514 362 3578 docorem
399 3517 571 3580 decutit.
626 3518 712 3595 Quos
745 3519 832 3584 locos
863 3519 941 3601 quin
970 3519 1092 3584 Statius
1120 3518 1264 3584 imitatus
1295 3519 1347 3599 sit,

212 3637 276 3682 non
299 3625 348 3683 est
362 3618 585 3697 dubitandum,
604 3641 797 3703 quamquam
812 3622 950 3687 libenter
965 3622 1155 3688 Marklando
1178 3622 1347 3704 concedas,

214 3721 303 3786 haud
324 3741 476 3807 prospere
503 3731 620 3807 poetae
648 3746 716 3790 rem
747 3727 901 3804 cessisse3
935 3725 992 3791 sed
1020 3726 1081 3791 hoc
1104 3732 1279 3791 contortum
1302 3726 1352 3789 di-

215 3824 308 3889 cendi
337 3845 440 3907 genus
468 3827 502 3891 in
526 3827 719 3893 carminibus
743 3829 897 3894 Statianis
923 3849 987 3894 non
1010 3836 1059 3895 est
1088 3829 1173 3912 quod
1201 3829 1353 3894 miremur

215 3927 257 3991 cf.
284 3929 425 4013 exempli
447 3931 551 4012 gratia
573 3953 604 3997 v.
625 3936 665 3997 84
687 3952 783 4015 quem
807 3933 983 4015 genuinum
1006 3933 1117 4017 procul
1140 3932 1237 3997 dubio
1259 3931 1350 3996 nobis

215 4033 357 4098 servavit
377 4036 411 4098 A
442 4036 573 4099 caluere
599 4037 721 4122 fodi,
762 4038 847 4120 quod
876 4044 912 4102 ut
930 4039 1060 4121 fossam
1075 4037 1196 4120 fodere
1232 4036 1351 4101 dictum

215 4153 326 4200 vereor
348 4143 383 4201 ut
404 4137 469 4202 alio
492 4138 717 4222 deprehendas
740 4140 822 4205 loco.

301 4240 453 4304 Fortasse
482 4241 583 4307 Statio
617 4243 651 4307 in
684 4249 824 4308 mentem
857 4244 946 4309 venit
978 4242 1075 4309 etiam
1103 4242 1216 4307 Horati
1248 4242 1348 4326 locus,

216 4361 312 4425 quem
334 4345 456 4410 confert
478 4344 635 4411 Luehrius
663 4349 714 4430 (de
736 4349 772 4411 P.
799 4346 901 4412 Statio
923 4347 957 4412 in
987 4347 1078 4412 silvis
1110 4345 1251 4429 priorum
1273 4366 1353 4430 poe-

1129 4469 1144 4522 2
