3250 5130
678 434 893 492 „37-

217 632 529 716 interpolamentum.
577 623 790 702 Quamobrem
817 639 880 683 non
903 636 983 701 opus
1006 620 1075 680 erat
1096 611 1244 678 Iahnium
1272 611 1303 694 (l.
1323 630 1351 673 c.

222 741 290 822 183)
311 736 365 800 diu
382 734 580 813 multumque
596 728 746 811 cogitare,
766 723 881 808 Apollo
894 720 1010 786 Troiae
1026 740 1067 782 an
1083 716 1226 801 Amyclis
1249 717 1354 779 locum

191 844 361 908 laboret.
988 839 997 854 ‘
1286 905 1289 910 Ι

304 944 377 1008 Tali
398 942 496 1025 igitur
518 937 653 1019 imagini
675 936 788 999 Musae
817 938 849 996 et
872 930 1004 996 Gratiae
1033 926 1193 993 interdum
1221 925 1350 990 adsunt.

218 1052 314 1117 Velut
341 1048 375 1111 in
397 1065 475 1111 vase
497 1040 705 1107 Ienkinsiano
732 1055 924 1117 marmoreo,
951 1032 1036 1116 quod
1065 1051 1150 1097 nunc
1178 1031 1212 1094 in
1234 1030 1355 1113 Anglia

218 1151 458 1232 adse1·vatur*),
487 1153 552 1211 tres
575 1144 686 1208 Musae
716 1146 872 1225 apparent
901 1137 1049 1220 singulae
1077 1136 1178 1218 signis
1211 1137 1295 1201 inter
1318 1156 1353 1201 se
1407 1211 1410 1219 Ι

218 1256 399 1322 distinctae.
452 1247 595 1315 Eaedem
626 1245 737 1309 Musae
772 1243 867 1308 simul
897 1262 968 1306 cum
996 1240 1133 1324 Gratiis,
1167 1242 1282 1323 quibus
1319 1243 1353 1306 in

218 1356 409 1442 effingendis
438 1353 604 1434 antiquum
634 1348 752 1413 artifex
774 1346 959 1410 imitabatur
988 1364 1126 1424 morem,
1154 1344 1195 1409 ad
1224 1346 1353 1431 nuptias

217 1467 341 1531 futuras
363 1459 495 1526 veniunt
516 1457 550 1520 in
572 1454 748 1536 anaglypto
770 1449 948 1532 Esquilino.

303 1566 384 1631 Tale
400 1561 532 1646 quidne
547 1560 689 1622 Romano
704 1555 833 1620 demum
848 1559 992 1637 tempore
1014 1553 1227 1636 excogitatum
1244 1561 1349 1641 putes,

217 1682 248 1740 te
279 1675 386 1736 monet
414 1666 538 1750 pictura
566 1663 624 1726 illa
653 1657 910 1740 Aldobrandina,
950 1657 1070 1741 quippe
1100 1659 1152 1722 cui
1181 1680 1201 1722 a
1230 1659 1353 1725 Graeco

217 1781 303 1842 certe
326 1770 448 1838 artifice
477 1769 628 1838 inventae
651 1764 732 1827 mira
761 1761 937 1825 intercedat
967 1760 1148 1832 similitudo,
1171 1767 1243 1827 cum
1273 1784 1354 1828 ana-

182 1965 186 1972 ,
217 1879 339 1964 glyptis
362 1895 460 1962 supra
482 1866 735 1936 commemoratis
763 1863 916 1948 (inprimis
939 1884 1010 1928 cum
1027 1865 1218 1949 Esquilino).
1260 1867 1354 1945 Quod
1443 1869 1447 1874 '

216 1985 250 2048 in
272 1982 455 2047 universum
485 1975 550 2039 iarn
574 1995 594 2038 a
617 1969 833 2051 Gerhardo**)
861 1973 946 2032 recte
976 1967 1148 2050 cognitum,
1175 1990 1237 2034 non
1268 1978 1353 2038 rente

217 2092 369 2168 negatum
392 2075 663 2156 aFoerstero***)
692 2093 785 2136 nemo
806 2071 923 2136 iterum
945 2071 991 2136 ita
1013 2072 1172 2156 tractavit,
1199 2080 1234 2138 ut
1251 2095 1352 2140 venu-

218 2189 359 2254 stissima
380 2185 488 2266 imago
511 2202 545 2246 re
567 2199 644 2244 vera
666 2181 815 2241 meretur.

195 2348 197 2352 .
310 2291 415 2371 Atque
453 2286 590 2370 primum
626 2279 756 2364 quidem
793 2280 943 2343 Foerster
980 2279 1050 2364 ipse
1088 2280 1234 2346 concedit
1270 2281 1353 2348 hanc

216 2395 373 2481 picturam
392 2386 611 2469 multomagis
627 2405 722 2466 quam
739 2383 820 2447 alias
837 2383 1006 2466 anaglypti
1021 2384 1206 2448 memoriam
1222 2386 1348 2470 afferre,

217 2499 245 2564 si
276 2495 430 2580 respicias
463 2492 583 2574 figuras
618 2488 720 2553 tribus
750 2485 927 2570 parietibus
966 2483 1088 2551 divisas
1123 2487 1180 2571 (3.
1197 2492 1215 2550 4
1232 2538 1238 2551 .
1255 2492 1289 2574 3)
1321 2499 1353 2557 et

217 2620 327 2667 omnes
350 2599 417 2662 lere
439 2597 473 2660 in
495 2615 560 2659 una
575 2591 708 2678 planitie
730 2590 833 2674 pictas
849 2609 953 2671 neque
969 2589 1165 2671 recedentes
1186 2593 1353 2662 columnae

216 2706 249 2768 in
279 2703 392 2768 dextra
420 2705 511 2784 parte
541 2696 716 2782 capitulum
754 2693 937 2775 (secundum
968 2693 1170 2759 Foersterum
1192 2695 1214 2757 l.
1234 2716 1261 2761 c.
1281 2699 1348 2782 83).

216 2806 342 2872 Deinde
366 2805 394 2868 si
417 2801 563 2884 singulas
586 2804 733 2862 accurate
750 2795 974 2880 contempleris
997 2796 1127 2880 figuras,
1155 2799 1252 2880 quior
1274 2822 1351 2867 num

216 2931 249 2975 re
271 2929 349 2974 vera
371 2913 466 2990 putas
488 2902 600 2986 negari
621 2920 717 2985 posse
740 2899 903 2964 simillime
933 2900 966 2964 in
989 2900 1174 2966 universum
1205 2923 1277 2969 esse
1300 2927 1352 2972 re-

216 3016 453 3098 praesentatas:
488 3027 604 3071 novam
626 3011 774 3088 nuptam,
810 3003 861 3066 cui
891 3003 1086 3086 persuadere
1117 3013 1250 3072 conatur
1278 3030 1352 3094 pro-

215 3119 301 3182 nuba
324 3122 420 3196 atque
443 3112 617 3190 Helenam,
631 3175 638 3186 ,
651 3127 747 3190 quam
778 3127 963 3190 permovere
991 3107 1098 3174 studet
1120 3110 1251 3176 Venusr
1273 3115 1351 3195 quid

215 3217 298 3286 tum:
325 3239 402 3283 num
418 3216 507 3280 dicas
531 3214 600 3278 sine
616 3231 715 3277 causa
731 3211 828 3276 etiarn
843 3211 877 3274 in
892 3209 953 3275 hac
968 3212 1093 3296 pictura
1110 3220 1175 3279 tres
1191 3216 1350 3301 utrimque

216 3332 300 3390 stare
329 3321 482 3398 feminas,
514 3340 555 3383 ex
583 3317 699 3400 quibus
736 3336 802 3379 una
831 3315 942 3380 Musae
970 3316 1097 3382 cuidam
1127 3319 1179 3382 vel
1210 3319 1351 3405 Apollini

215 3424 396 3490 citharoedo
425 3421 598 3506 persimilis
629 3419 776 3484 videtur?
812 3419 1021 3502 Tripertitum
1049 3421 1146 3485 etiarn
1175 3423 1350 3490 Nereidum

216 3531 344 3598 chorum
374 3527 408 3590 in
436 3524 649 3610 pulcherrimo
683 3522 739 3586 illo
766 3522 952 3586 Monacensi
981 3525 1157 3608 anaglypto
1189 3546 1274 3590 cum‘
1291 3528 1351 3594 hoo

215 3631 372 3717 pingendi
407 3649 494 3694 more
528 3627 706 3692 rectissime
742 3625 806 3689 iam
838 3627 971 3691 contulit
1003 3628 1181 3712 Brunnius,
1214 3633 1346 3697 Besolr.

214 3737 246 3798 d.
277 3733 469 3817 Gipptotdek
501 3735 573 3793 115.
632 3729 803 3794 Praeterea
839 3749 911 3794 cum
947 3729 998 3794 his
1031 3731 1133 3796 tn'bus
1168 3733 1269 3799 Musis
1299 3737 1351 3802 vel

215 3837 335 3903 Gratiis
365 3855 428 3900 non
456 3835 565 3918 inepte
601 3838 825 3916 comparantur
851 3833 883 3897 et
911 3853 1077 3898 numerum
1114 3855 1187 3900 cum
1215 3839 1351 3922 respicis

214 3949 246 4008 et
275 3943 391 4023 locum,
418 3939 473 4004 ubi
503 3943 671 4023 apparent,
697 3927 762 4002 tres
790 3937 868 4002 illae
890 3937 1019 4019 Furiae,
1044 3960 1128 4022 quae
1157 3940 1244 4024 apud
1266 3943 1350 4010 Dra-

298 4195 324 4259 *l
345 4193 429 4248 Aroh.
446 4195 515 4248 Zeit.
538 4197 603 4246 1874
622 4211 648 4262 p.
664 4197 706 4259 47,
728 4199 768 4248 35.

283 4281 322 4344 **)
346 4279 460 4334 Beschr.
475 4279 571 4333 Rom’s
590 4280 632 4344 II,
650 4283 680 4331 12
694 4296 735 4350 sq.

266 4365 326 4431 ***)
349 4365 436 4420 Arcu.
453 4365 522 4419 usit.
546 4367 619 4430 rem,
636 4367 677 4421 su.
