3250 5130
681 465 891 548 435*

376 670 568 761 Amplexum
590 671 701 736 niveos
725 679 855 756 optatae
878 671 1024 753 coniugis
1047 675 1135 734 artus

376 776 524 842 Floribus
546 775 721 840 innumeris
745 781 776 840 et
798 775 897 839 olenti
919 795 1072 858 spargere
1093 774 1212 853 nimbo,

221 899 298 944 nurn
328 881 368 954 ab
395 879 516 943 artifice
544 879 577 942 in
604 900 722 963 pompa
755 878 892 961 nuptiali
930 877 1037 942 efficta
1067 877 1108 940 sit
1137 883 1181 941 et·
1198 877 1355 958 quomodo

224 989 383 1064 occurrat,
410 971 494 1046 nunc
516 1002 719 1064 quaeramus.
762 981 891 1047 Adsunt
912 988 969 1046 aut
990 981 1023 1045 in
1047 981 1150 1045 fronte
1174 987 1229 1044 aut
1250 981 1284 1043 in
1307 982 1357 1046 la-

223 1087 344 1150 teribus
368 1087 637 1169 sarcophagorum
659 1105 818 1168 persaepe
841 1092 906 1149 tres
934 1084 976 1166 (in
1007 1105 1070 1148 uno
1086 1083 1241 1150 Vaticano
1269 1087 1358 1166 (Bel-

225 1190 342 1272 oedere)
363 1195 493 1272 propter
508 1189 613 1252 locum
629 1193 801 1270 angustum
818 1188 889 1270 duo)
906 1186 1028 1269 figurae
1044 1194 1164 1251 certum
1180 1188 1214 1251 in
1229 1186 1356 1251 modum

225 1291 417 1355 vestitae-
432 1297 533 1370 veste,
560 1291 698 1372 quaein
722 1291 839 1355 umeris
862 1288 1118 1354 fibulistenetur
1140 1291 1278 1372 binaque
1302 1289 1360 1354 de-

226 1393 351 1457 nudans
367 1393 499 1458 brachia
515 1395 617 1459 fascia
632 1394 741 1459 vincta
757 1401 815 1475 est,
841 1393 887 1458 ita
903 1400 938 1457 ut
953 1393 1056 1457 sinum
1073 1393 1192 1458 efficiat
1206 1432 1249 1439 —-
1264 1401 1359 1475 atque

226 1517 351 1580 semper
374 1496 519 1564 officium
538 1497 670 1578 aliquod
696 1503 910 1580 praestantes,
937 1517 1008 1562 cum
1039 1497 1107 1561 sive
1135 1497 1276 1579 monilia,
1303 1517 1361 1562 vas

225 1599 390 1678 olearium,
416 1599 571 1680 florestl),
598 1602 762 1683 speculum
786 1620 889 1665 novae
912 1606 1033 1684 nuptae
1055 1601 1202 1682 afferunt,
1229 1600 1296 1664 sive
1319 1599 1361 1663 ad

227 1701 416 1766 sacrificium
447 1703 591 1786 nuptiale
617 1711 754 1786 portant,
781 1723 863 1785 quae
885 1723 965 1786 opus
995 1709 1085 1766 sunt:
1120 1701 1259 1782 fructus,
1285 1702 1363 1768 sim-

227 1805 348 1888 pulum,
373 1825 526 1885 acerram
553 1805 727 1883 volumina,
752 1807 827 1887 alia,
848 1826 911 1888 qua
932 1805 965 1868 in
988 1826 1021 1871 re
1044 1806 1140 1870 etiam
1164 1805 1364 1870 camillorum

226 1909 288 1972 ritu
312 1909 435 1973 cinctae
452 1911 658 1992 apparens).
694 1909 945 1974 Feminae-enim
961 1908 1107 1972 camillos
1129 1928 1201 1975 esse
1225 1907 1364 1972 affirmat

228 1999 415 2075 Duetscbke
437 2019 533 2092 atque
555 2012 620 2076 iam
643 2011 791 2076 Gerhard
819 2012 953 2094 figuram
975 2011 1171 2094 persimilem
1202 2012 1234 2074 in
1258 2031 1366 2074 sarco-

229 2115 337 2197 phago
361 2115 516 2178 Vaticano
551 2115 632 2197 (solu
662 2117 741 2177 delle
764 2117 891 2196 Mose),
931 2134 1013 2197 quae
1042 2115 1213 2198 simpulum
1244 2115 1306 2179 fert
1336 2121 1368 2178 et

229 2237 390 2298 acerram,
417 2217 569 2282 feminam
593 2236 664 2282 esse
687 2209 917 2299 contendit**).
963 2218 1074 2282 Nihilo
1097 2219 1202 2282 minus
1225 2239 1301 2282 num
1333 2238 1366 2282 re

230 2340 306 2385 vera
329 2320 469 2386 feminae
493 2322 567 2402 sint,
593 2343 656 2386 non
679 2329 728 2386 est
750 2329 887 2400 certum;
914 2320 1050 2386 fortasse
1074 2323 1115 2386 ab
1139 2321 1288 2385 sacrificii
1303 2321 1367 2383 Ro-

230 2424 316 2488 mani
338 2425 490 2507 imagine,
520 2427 640 2508 inqua
671 2425 753 2490 tales
776 2424 896 2488 camilli
926 2425 1056 2508 saepius
1086 2431 1263 2503 occurrunt,
1298 2444 1368 2488 mu-

229 2535 339 2593 tuatae
354 2529 487 2611 locoque
503 2529 704 2609 feminarum,
721 2547 804 2610 quae
817 2527 950 2592 Gratiae
962 2535 1124 2610 vocantur,
1142 2535 1215 2592 sunt
1230 2527 1366 2611 positae.

231 2633 367 2697 Omnino
389 2632 450 2696 hoc
473 2638 522 2696 est
544 2631 699 2716 imprimis
714 2631 888 2696 tenendum
910 2630 1065 2696 artificem
1082 2633 1259 2696 Romanurn
1283 2651 1369 2694 com-

231 2736 422 2820 positionem
453 2735 613 2800 interdum
645 2755 702 2799 suo
732 2735 863 2800 arbitrio
889 2743 1031 2800 mutasse
1061 2742 1157 2818 atque
1188 2755 1245 2818 pro
1276 2734 1369 2798 certis

232 2840 361 2923 figuris,
387 2840 470 2904 alias
493 2839 638 2922 posuisse
667 2837 797 2902 aliunde
827 2837 982 2918 iuratum,
1010 2839 1056 2903 ita
1078 2845 1114 2903 ut
1135 2858 1219 2903 nunc
1241 2838 1370 2918 quidem

234 2964 331 3028 saepe
362 2943 586 3007 difficillimum
617 2942 659 3007 sit
687 2950 807 3006 eertum
838 2943 1010 3025 unicuique
1040 2943 1151 3007 indere
1181 2963 1295 3006 nornen
1319 2943 1370 3006 rel

234 3048 340 3132 potius
361 3047 528 3130 indagare,
555 3045 639 3110 unde
663 3053 809 3129 sumptae
833 3046 907 3110 sint.
944 3045 1035 3124 quod
1051 3045 1182 3128 quidem
1205 3046 1245 3109 de
1269 3046 1371 3110 tribus

235 3152 420 3233 feminis,
447 3158 591 3234 utputo,
617 3150 709 3214 nobis
732 3150 876 3232 contigit,
903 3171 986 3232 quae
1011 3151 1144 3214 Gratiae
1168 3151 1373 3215 nominantur

235 3275 339 3336 neque
361 3262 470 3318 tamen
493 3253 676 3318 Gratiarum
699 3274 778 3336 prae
802 3273 836 3318 se
860 3253 965 3317 ferunt
988 3254 1118 3318 cultum.

323 3357 451 3423 Gratias
481 3363 576 3439 atque
599 3357 719 3438 Musas,
747 3375 827 3438 quas
850 3356 972 3420 Statius
1001 3356 1172 3420 introducit
1201 3375 1318 3436 aquam
1342 3361 1374 3418 et

236 3461 343 3544 ignem
359 3461 509 3539 ferentes,
529 3459 570 3524 ab
586 3459 818 3541 antiquissimis
833 3459 1031 3542 temporibus
1047 3459 1167 3542 nuptiis
1183 3457 1300 3522 adesse
1316 3457 1372 3520 tri-

236 3564 396 3628 tissimum
407 3564 526 3645 est***j
540 3583 643 3645 neque
656 3563 752 3628 huius
764 3563 810 3626 rei
823 3563 901 3626 satis
914 3583 1073 3646 superque
1086 3561 1219 3625 laudata
1230 3568 1373 3644 repetam

238 3669 398 3751 exempla.
446 3667 515 3731 Hoc
537 3674 644 3730 tamen
667 3686 814 3730 moneam
837 3667 889 3730 vel
913 3687 951 3730 eo
973 3667 1060 3748 quod
1082 3665 1239 3730 accedunt
1261 3666 1373 3729 Musae

239 3771 432 3852 Gratiaeque
455 3770 559 3853 magis
581 3769 740 3834 interdum
757 3790 814 3834 nos
831 3770 873 3834 ad
888 3770 1065 3854 nuptialem
1088 3769 1207 3834 adduci
1230 3788 1372 3832 sensum.

320 3994 344 4056 *l
367 3992 395 4044 in
408 3991 580 4061 sarcophago
594 3991 696 4046 Pisano
709 3993 823 4046 Lasinio
836 3993 916 4046 scult.
928 3993 955 4046 d.
968 3992 1066 4060 campo
1080 3991 1107 4045 S.
1118 3991 1178 4054 011,
1203 3988 1375 4051 Duetschke,

240 4077 400 4133 Bildwerke
424 4078 452 4130 in
474 4077 648 4132 aOberitlieu
674 4079 700 4142 Ι,
721 4081 763 4133 41,
801 4081 829 4132 in
854 4079 1005 4132 Mantuano
1029 4079 1123 4132 Labua
1154 4079 1223 4130 Mus.
1245 4077 1331 4129 Mant.
1353 4077 1375 4138 l,

146 4151 151 4160 '
240 4165 337 4226 xuu,
364 4163 669 4228 succurrerem,
692 4168 750 4219 rra.

304 4251 345 4315 Μ)
367 4249 506 4314 Gerhard,
527 4249 640 4305 Besclrr.
656 4251 753 4304 Rom's
772 4251 808 4316 ΙΙ,
829 4253 853 4315 2,
868 4253 927 4304 220.

287 4337 345 4400 Μ)
367 4337 409 4390 De
434 4336 541 4392 Gratiis
567 4338 741 4404 nuptialibus
771 4354 797 4390 v.
818 4337 902 4400 lahn,
929 4336 1085 4390 Denksebr.
1107 4336 1134 4390 d.
1149 4336 1264 4390 Wiener
1281 4333 1376 4388 Akad.

243 4425 307 4474 tero
326 4438 352 4490 p.
369 4426 400 4473 33
415 4439 456 4492 sq.
662 4433 668 4438 ·

1133 4527 1173 4575 3*
