<?xml version="1.0" encoding="UTF-8"?>
<!DOCTYPE html PUBLIC "-//W3C//DTD XHTML 1.0 Transitional//EN"
    "http://www.w3.org/TR/xhtml1/DTD/xhtml1-transitional.dtd">
<html xmlns="http://www.w3.org/1999/xhtml" xml:lang="en" lang="en">
 <head>
  <title>
</title>
<meta http-equiv="Content-Type" content="text/html;charset=utf-8" />
  <meta name='ocr-system' content='tesseract 3.04.00' />
  <meta name='ocr-capabilities' content='ocr_page ocr_carea ocr_par ocr_line ocrx_word'/>
</head>
<body>
  <div class='ocr_page' id='page_1' title='image "./statiepithalami00statgoog_0029.png"; bbox 0 0 3250 5130; ppageno 0'>
   <div class='ocr_carea' id='block_1_1' title="bbox 664 386 1082 464">
    <p class='ocr_par' dir='ltr' id='par_1_1' title="bbox 664 386 1082 464">
     <span class='ocr_line' id='line_1_1' title="bbox 664 386 1082 464; baseline 0.017 -19"><span class='ocrx_word' id='word_1_1' title='bbox 664 386 1082 464; x_wconf 60' lang='lat' dir='ltr'>‚-ra-·</span> 
     </span>
    </p>
   </div>
   <div class='ocr_carea' id='block_1_2' title="bbox 295 567 1424 756">
    <p class='ocr_par' dir='ltr' id='par_1_2' title="bbox 295 567 1424 756">
     <span class='ocr_line' id='line_1_2' title="bbox 295 567 1424 668; baseline 0.017 -39"><span class='ocrx_word' id='word_1_2' title='bbox 295 571 401 630; x_wconf 91' lang='lat' dir='ltr'>tarum</span> <span class='ocrx_word' id='word_1_3' title='bbox 416 567 630 634; x_wconf 88' lang='lat' dir='ltr'>Romanorum</span> <span class='ocrx_word' id='word_1_4' title='bbox 645 569 813 656; x_wconf 78' lang='lat' dir='ltr'><strong>imitatore,</strong></span> <span class='ocrx_word' id='word_1_5' title='bbox 833 573 992 640; x_wconf 88' lang='lat' dir='ltr'>dissertat.</span> <span class='ocrx_word' id='word_1_6' title='bbox 1009 575 1191 659; x_wconf 13' lang='lat' dir='ltr'>*Regimont</span> <span class='ocrx_word' id='word_1_7' title='bbox 1211 580 1262 645; x_wconf 88' lang='lat' dir='ltr'>ed.</span> <span class='ocrx_word' id='word_1_8' title='bbox 1281 603 1312 646; x_wconf 91' lang='lat' dir='ltr'>a.</span> <span class='ocrx_word' id='word_1_9' title='bbox 1335 584 1424 668; x_wconf 81' lang='lat'>1880)</span> 
     </span>
     <span class='ocr_line' id='line_1_3' title="bbox 295 671 634 756; baseline 0.015 -22"><span class='ocrx_word' id='word_1_10' title='bbox 295 688 393 735; x_wconf 88' lang='lat' dir='ltr'>carm.</span> <span class='ocrx_word' id='word_1_11' title='bbox 418 671 634 756; x_wconf 81' lang='lat' dir='ltr'>II,15,10sq.</span> 
     </span>
    </p>
   </div>
   <div class='ocr_carea' id='block_1_3' title="bbox 562 777 1178 865">
    <p class='ocr_par' dir='ltr' id='par_1_3' title="bbox 562 777 1178 865">
     <span class='ocr_line' id='line_1_4' title="bbox 562 777 1178 865; baseline 0.015 -27"><span class='ocrx_word' id='word_1_12' title='bbox 562 778 640 840; x_wconf 84' lang='lat' dir='ltr'>Tam</span> <span class='ocrx_word' id='word_1_13' title='bbox 662 777 764 860; x_wconf 84' lang='lat' dir='ltr'>spisso</span> <span class='ocrx_word' id='word_1_14' title='bbox 786 777 883 842; x_wconf 84' lang='lat' dir='ltr'>rumis</span> <span class='ocrx_word' id='word_1_15' title='bbox 906 781 1015 844; x_wconf 80' lang='lat' dir='ltr'>laureo</span> <span class='ocrx_word' id='word_1_16' title='bbox 1028 781 1178 865; x_wconf 79' lang='lat' dir='ltr'>fervidos</span> 
     </span>
    </p>
   </div>
   <div class='ocr_carea' id='block_1_4' title="bbox 556 881 820 946">
    <p class='ocr_par' dir='ltr' id='par_1_4' title="bbox 556 881 820 946">
     <span class='ocr_line' id='line_1_5' title="bbox 556 881 820 946; baseline 0.008 -2"><span class='ocrx_word' id='word_1_17' title='bbox 556 881 709 944; x_wconf 82' lang='lat' dir='ltr'>Eeeludit</span> <span class='ocrx_word' id='word_1_18' title='bbox 729 881 820 946; x_wconf 84' lang='lat' dir='ltr'>ictus.</span> 
     </span>
    </p>
   </div>
   <div class='ocr_carea' id='block_1_5' title="bbox 221 971 1427 1385">
    <p class='ocr_par' dir='ltr' id='par_1_5' title="bbox 379 971 1427 1069">
     <span class='ocr_line' id='line_1_6' title="bbox 379 971 1427 1069; baseline 0.014 -25"><span class='ocrx_word' id='word_1_19' title='bbox 379 980 526 1064; x_wconf 93' lang='lat' dir='ltr'>Denique</span> <span class='ocrx_word' id='word_1_20' title='bbox 555 983 748 1048; x_wconf 89' lang='lat' dir='ltr'>monendum</span> <span class='ocrx_word' id='word_1_21' title='bbox 771 992 836 1066; x_wconf 90' lang='lat' dir='ltr'>est,</span> <span class='ocrx_word' id='word_1_22' title='bbox 869 985 903 1051; x_wconf 93' lang='lat' dir='ltr'>id</span> <span class='ocrx_word' id='word_1_23' title='bbox 925 986 1011 1069; x_wconf 94' lang='lat' dir='ltr'>quod</span> <span class='ocrx_word' id='word_1_24' title='bbox 1040 988 1103 1054; x_wconf 91' lang='lat' dir='ltr'>iam</span> <span class='ocrx_word' id='word_1_25' title='bbox 1127 991 1279 1057; x_wconf 85' lang='lat' dir='ltr'>Heinsius</span> <span class='ocrx_word' id='word_1_26' title='bbox 1305 971 1427 1059; x_wconf 85' lang='lat' dir='ltr'>monuit</span> 
     </span>
    </p>

    <p class='ocr_par' dir='ltr' id='par_1_6' title="bbox 290 1081 1424 1276">
     <span class='ocr_line' id='line_1_7' title="bbox 298 1081 1424 1172; baseline 0.013 -26"><span class='ocrx_word' id='word_1_27' title='bbox 298 1081 340 1162; x_wconf 78' lang='lat' dir='ltr'>(in</span> <span class='ocrx_word' id='word_1_28' title='bbox 363 1085 540 1168; x_wconf 85' lang='lat' dir='ltr'>exemplari</span> <span class='ocrx_word' id='word_1_29' title='bbox 559 1085 787 1171; x_wconf 83' lang='lat' dir='ltr'>Gottingensi)‚</span> <span class='ocrx_word' id='word_1_30' title='bbox 806 1095 906 1153; x_wconf 89' lang='lat' dir='ltr'>totum</span> <span class='ocrx_word' id='word_1_31' title='bbox 929 1089 1033 1172; x_wconf 86' lang='lat' dir='ltr'>locum</span> <span class='ocrx_word' id='word_1_32' title='bbox 1056 1092 1214 1159; x_wconf 87' lang='lat' dir='ltr'>imitatum</span> <span class='ocrx_word' id='word_1_33' title='bbox 1238 1115 1310 1162; x_wconf 90' lang='lat' dir='ltr'>esse</span> <span class='ocrx_word' id='word_1_34' title='bbox 1327 1098 1424 1163; x_wconf 82' lang='lat' dir='ltr'>Olau-</span> 
     </span>
     <span class='ocr_line' id='line_1_8' title="bbox 290 1183 960 1276; baseline 0.01 -28"><span class='ocrx_word' id='word_1_35' title='bbox 290 1183 421 1251; x_wconf 89' lang='lat' dir='ltr'>dianum</span> <span class='ocrx_word' id='word_1_36' title='bbox 450 1187 500 1270; x_wconf 88' lang='lat' dir='ltr'>(de</span> <span class='ocrx_word' id='word_1_37' title='bbox 523 1195 616 1274; x_wconf 89' lang='lat' dir='ltr'>raptu</span> <span class='ocrx_word' id='word_1_38' title='bbox 639 1191 725 1255; x_wconf 89' lang='lat' dir='ltr'>Pros.</span> <span class='ocrx_word' id='word_1_39' title='bbox 746 1191 788 1273; x_wconf 88' lang='lat' dir='ltr'>II,</span> <span class='ocrx_word' id='word_1_40' title='bbox 808 1195 866 1254; x_wconf 87' lang='lat'>103</span> <span class='ocrx_word' id='word_1_41' title='bbox 883 1194 960 1276; x_wconf 83' lang='lat' dir='ltr'>sq).</span> 
     </span>
    </p>

    <p class='ocr_par' dir='ltr' id='par_1_7' title="bbox 221 1287 1405 1385">
     <span class='ocr_line' id='line_1_9' title="bbox 221 1287 1405 1385; baseline 0.012 -35"><span class='ocrx_word' id='word_1_42' title='bbox 221 1299 270 1351; x_wconf 78' lang='lat'>202</span> <span class='ocrx_word' id='word_1_43' title='bbox 376 1287 413 1353; x_wconf 90' lang='lat' dir='ltr'>V.</span> <span class='ocrx_word' id='word_1_44' title='bbox 435 1295 507 1355; x_wconf 78' lang='lat'><strong>202.</strong></span> <span class='ocrx_word' id='word_1_45' title='bbox 560 1294 785 1362; x_wconf 80' lang='lat' dir='ltr'>Quod-durum</span> <span class='ocrx_word' id='word_1_46' title='bbox 801 1317 986 1377; x_wconf 75' lang='lat' dir='ltr'><em>permensus</em></span> <span class='ocrx_word' id='word_1_47' title='bbox 1008 1297 1069 1361; x_wconf 85' lang='lat' dir='ltr'>iter</span> <span class='ocrx_word' id='word_1_48' title='bbox 1091 1299 1265 1385; x_wconf 83' lang='lat' dir='ltr'>e(o)eptiqere</span> <span class='ocrx_word' id='word_1_49' title='bbox 1289 1303 1405 1367; x_wconf 77' lang='lat' dir='ltr'>loboris</span> 
     </span>
    </p>
   </div>
   <div class='ocr_carea' id='block_1_6' title="bbox 203 1396 1421 4378">
    <p class='ocr_par' dir='ltr' id='par_1_8' title="bbox 551 1396 853 1480">
     <span class='ocr_line' id='line_1_10' title="bbox 551 1396 853 1480; baseline 0.003 -20"><span class='ocrx_word' id='word_1_50' title='bbox 551 1396 716 1460; x_wconf 83' lang='lat' dir='ltr'>Prendisti</span> <span class='ocrx_word' id='word_1_51' title='bbox 730 1405 853 1480; x_wconf 86' lang='lat' dir='ltr'>portus.</span> 
     </span>
    </p>

    <p class='ocr_par' dir='ltr' id='par_1_9' title="bbox 273 1497 1421 3756">
     <span class='ocr_line' id='line_1_11' title="bbox 378 1497 1421 1590; baseline 0.011 -28"><span class='ocrx_word' id='word_1_52' title='bbox 378 1497 443 1580; x_wconf 73' lang='lat' dir='ltr'>(Sic</span> <span class='ocrx_word' id='word_1_53' title='bbox 457 1499 557 1564; x_wconf 84' lang='lat' dir='ltr'>verba</span> <span class='ocrx_word' id='word_1_54' title='bbox 578 1498 696 1564; x_wconf 87' lang='lat' dir='ltr'>tradita</span> <span class='ocrx_word' id='word_1_55' title='bbox 711 1506 785 1564; x_wconf 92' lang='lat' dir='ltr'>sunt</span> <span class='ocrx_word' id='word_1_56' title='bbox 800 1499 840 1567; x_wconf 88' lang='lat' dir='ltr'>cf.</span> <span class='ocrx_word' id='word_1_57' title='bbox 860 1509 1049 1585; x_wconf 90' lang='lat' dir='ltr'>apparatum</span> <span class='ocrx_word' id='word_1_58' title='bbox 1068 1504 1235 1589; x_wconf 84' lang='lat' dir='ltr'>criticum.)</span> <span class='ocrx_word' id='word_1_59' title='bbox 1254 1507 1421 1590; x_wconf 80' lang='lat' dir='ltr'>Utcunque</span> 
     </span>
     <span class='ocr_line' id='line_1_12' title="bbox 287 1601 1420 1690; baseline 0.011 -28"><span class='ocrx_word' id='word_1_60' title='bbox 287 1601 446 1684; x_wconf 76' lang='lat' dir='ltr'><em>coeptique</em></span> <span class='ocrx_word' id='word_1_61' title='bbox 469 1602 586 1666; x_wconf 84' lang='lat' dir='ltr'>loboris</span> <span class='ocrx_word' id='word_1_62' title='bbox 605 1603 780 1686; x_wconf 86' lang='lat' dir='ltr'>coniungas</span> <span class='ocrx_word' id='word_1_63' title='bbox 796 1603 864 1669; x_wconf 89' lang='lat' dir='ltr'>sive</span> <span class='ocrx_word' id='word_1_64' title='bbox 880 1623 952 1668; x_wconf 88' lang='lat' dir='ltr'>cum</span> <span class='ocrx_word' id='word_1_65' title='bbox 967 1607 1234 1690; x_wconf 79' lang='lat' dir='ltr'>praecedentibus</span> <span class='ocrx_word' id='word_1_66' title='bbox 1258 1609 1325 1673; x_wconf 90' lang='lat' dir='ltr'>sive</span> <span class='ocrx_word' id='word_1_67' title='bbox 1349 1629 1420 1674; x_wconf 89' lang='lat' dir='ltr'>cum</span> 
     </span>
     <span class='ocr_line' id='line_1_13' title="bbox 285 1704 1420 1790; baseline 0.004 -22"><span class='ocrx_word' id='word_1_68' title='bbox 285 1704 344 1785; x_wconf 83' lang='lat' dir='ltr'>iis,</span> <span class='ocrx_word' id='word_1_69' title='bbox 378 1726 460 1788; x_wconf 89' lang='lat' dir='ltr'>quae</span> <span class='ocrx_word' id='word_1_70' title='bbox 491 1712 676 1790; x_wconf 85' lang='lat' dir='ltr'>sequuntur,</span> <span class='ocrx_word' id='word_1_71' title='bbox 711 1724 837 1790; x_wconf 82' lang='lat' dir='ltr'>semper</span> <span class='ocrx_word' id='word_1_72' title='bbox 868 1707 1015 1789; x_wconf 90' lang='lat' dir='ltr'>obliquus</span> <span class='ocrx_word' id='word_1_73' title='bbox 1046 1709 1155 1774; x_wconf 88' lang='lat' dir='ltr'>evadit</span> <span class='ocrx_word' id='word_1_74' title='bbox 1188 1728 1318 1788; x_wconf 90' lang='lat' dir='ltr'>sensus;</span> <span class='ocrx_word' id='word_1_75' title='bbox 1359 1711 1420 1774; x_wconf 86' lang='lat' dir='ltr'>iter</span> 
     </span>
     <span class='ocr_line' id='line_1_14' title="bbox 285 1808 1418 1896; baseline 0.004 -23"><span class='ocrx_word' id='word_1_76' title='bbox 285 1808 371 1873; x_wconf 90' lang='lat' dir='ltr'>enim</span> <span class='ocrx_word' id='word_1_77' title='bbox 401 1809 533 1892; x_wconf 83' lang='lat' dir='ltr'>coepti</span> <span class='ocrx_word' id='word_1_78' title='bbox 561 1809 677 1873; x_wconf 85' lang='lat' dir='ltr'>loboris</span> <span class='ocrx_word' id='word_1_79' title='bbox 700 1809 925 1892; x_wconf 78' lang='lat' dir='ltr'>permetiri</span> <span class='ocrx_word' id='word_1_80' title='bbox 951 1809 1043 1874; x_wconf 91' lang='lat' dir='ltr'>nihili</span> <span class='ocrx_word' id='word_1_81' title='bbox 1072 1816 1130 1875; x_wconf 90' lang='grc' dir='ltr'>θεῖ.</span> <span class='ocrx_word' id='word_1_82' title='bbox 1178 1811 1291 1896; x_wconf 88' lang='lat' dir='ltr'>Neque</span> <span class='ocrx_word' id='word_1_83' title='bbox 1313 1813 1418 1878; x_wconf 92' lang='lat' dir='ltr'>minus</span> 
     </span>
     <span class='ocr_line' id='line_1_15' title="bbox 284 1909 1419 1998; baseline 0.003 -21"><span class='ocrx_word' id='word_1_84' title='bbox 284 1931 471 1996; x_wconf 87' lang='lat' dir='ltr'>perversum</span> <span class='ocrx_word' id='word_1_85' title='bbox 500 1918 549 1978; x_wconf 90' lang='lat' dir='ltr'>est</span> <span class='ocrx_word' id='word_1_86' title='bbox 576 1912 619 1978; x_wconf 90' lang='lat' dir='ltr'>ad</span> <span class='ocrx_word' id='word_1_87' title='bbox 647 1912 813 1996; x_wconf 86' lang='lat' dir='ltr'>sequentia</span> <span class='ocrx_word' id='word_1_88' title='bbox 840 1909 967 1977; x_wconf 83' lang='lat' dir='ltr'>trahere</span> <span class='ocrx_word' id='word_1_89' title='bbox 989 1914 1089 1978; x_wconf 84' lang='lat' dir='ltr'>verba</span> <span class='ocrx_word' id='word_1_90' title='bbox 1119 1914 1278 1998; x_wconf 74' lang='lat' dir='ltr'>coeptique</span> <span class='ocrx_word' id='word_1_91' title='bbox 1302 1916 1419 1980; x_wconf 84' lang='lat' dir='ltr'>loboris</span> 
     </span>
     <span class='ocr_line' id='line_1_16' title="bbox 279 2015 1419 2099; baseline 0.004 -20"><span class='ocrx_word' id='word_1_92' title='bbox 279 2016 440 2099; x_wconf 74' lang='lat' dir='ltr'>prendisti</span> <span class='ocrx_word' id='word_1_93' title='bbox 453 2024 579 2099; x_wconf 77' lang='lat' dir='ltr'>portus,</span> <span class='ocrx_word' id='word_1_94' title='bbox 618 2015 765 2099; x_wconf 82' lang='lat' dir='ltr'>Namque</span> <span class='ocrx_word' id='word_1_95' title='bbox 780 2035 972 2098; x_wconf 90' lang='lat' dir='ltr'>quamquam</span> <span class='ocrx_word' id='word_1_96' title='bbox 995 2015 1057 2080; x_wconf 91' lang='lat' dir='ltr'>hoc</span> <span class='ocrx_word' id='word_1_97' title='bbox 1072 2022 1121 2082; x_wconf 93' lang='lat' dir='ltr'>est</span> <span class='ocrx_word' id='word_1_98' title='bbox 1142 2016 1251 2082; x_wconf 87' lang='lat' dir='ltr'>tritum</span> <span class='ocrx_word' id='word_1_99' title='bbox 1273 2018 1419 2084; x_wconf 91' lang='lat' dir='ltr'>homines</span> 
     </span>
     <span class='ocr_line' id='line_1_17' title="bbox 283 2117 1418 2204; baseline 0.002 -20"><span class='ocrx_word' id='word_1_100' title='bbox 283 2139 353 2184; x_wconf 93' lang='lat' dir='ltr'>cum</span> <span class='ocrx_word' id='word_1_101' title='bbox 386 2119 522 2185; x_wconf 89' lang='lat' dir='ltr'>navibus</span> <span class='ocrx_word' id='word_1_102' title='bbox 547 2119 740 2204; x_wconf 87' lang='lat' dir='ltr'>comparari,</span> <span class='ocrx_word' id='word_1_103' title='bbox 772 2139 855 2202; x_wconf 91' lang='lat' dir='ltr'>quae</span> <span class='ocrx_word' id='word_1_104' title='bbox 878 2117 1043 2186; x_wconf 80' lang='lat' dir='ltr'>exhaustis</span> <span class='ocrx_word' id='word_1_105' title='bbox 1074 2120 1236 2186; x_wconf 88' lang='lat' dir='ltr'>laboribus</span> <span class='ocrx_word' id='word_1_106' title='bbox 1258 2121 1300 2186; x_wconf 91' lang='lat' dir='ltr'>ad</span> <span class='ocrx_word' id='word_1_107' title='bbox 1322 2122 1418 2187; x_wconf 89' lang='lat' dir='ltr'>finem</span> 
     </span>
     <span class='ocr_line' id='line_1_18' title="bbox 281 2222 1417 2307; baseline 0.003 -20"><span class='ocrx_word' id='word_1_108' title='bbox 281 2222 498 2306; x_wconf 82' lang='lat' dir='ltr'>navigationis</span> <span class='ocrx_word' id='word_1_109' title='bbox 535 2222 568 2286; x_wconf 94' lang='lat' dir='ltr'>in</span> <span class='ocrx_word' id='word_1_110' title='bbox 598 2228 722 2307; x_wconf 91' lang='lat' dir='ltr'>portum</span> <span class='ocrx_word' id='word_1_111' title='bbox 752 2223 902 2304; x_wconf 88' lang='lat' dir='ltr'>veniunt,</span> <span class='ocrx_word' id='word_1_112' title='bbox 943 2241 1100 2305; x_wconf 87' lang='lat' dir='ltr'>nusquam</span> <span class='ocrx_word' id='word_1_113' title='bbox 1134 2229 1242 2290; x_wconf 89' lang='lat' dir='ltr'>tamen</span> <span class='ocrx_word' id='word_1_114' title='bbox 1271 2225 1417 2291; x_wconf 88' lang='lat' dir='ltr'>invenies</span> 
     </span>
     <span class='ocr_line' id='line_1_19' title="bbox 274 2324 1417 2411; baseline 0.001 -21"><span class='ocrx_word' id='word_1_115' title='bbox 274 2333 391 2410; x_wconf 74' lang='lat' dir='ltr'>portos</span> <span class='ocrx_word' id='word_1_116' title='bbox 421 2326 524 2410; x_wconf 82' lang='lat' dir='ltr'>coepti</span> <span class='ocrx_word' id='word_1_117' title='bbox 552 2324 670 2389; x_wconf 79' lang='lat' dir='ltr'>loboris</span> <span class='ocrx_word' id='word_1_118' title='bbox 690 2326 849 2409; x_wconf 82' lang='lat' dir='ltr'>prendere</span> <span class='ocrx_word' id='word_1_119' title='bbox 881 2324 1069 2408; x_wconf 87' lang='lat' dir='ltr'>simpliciter</span> <span class='ocrx_word' id='word_1_120' title='bbox 1098 2325 1218 2390; x_wconf 88' lang='lat' dir='ltr'>dictum</span> <span class='ocrx_word' id='word_1_121' title='bbox 1247 2347 1304 2411; x_wconf 88' lang='lat' dir='ltr'>pro</span> <span class='ocrx_word' id='word_1_122' title='bbox 1313 2327 1417 2411; x_wconf 77' lang='lat' dir='ltr'>fleterre</span> 
     </span>
     <span class='ocr_line' id='line_1_20' title="bbox 280 2427 1417 2514; baseline 0.003 -22"><span class='ocrx_word' id='word_1_123' title='bbox 280 2451 441 2514; x_wconf 80' lang='lat' dir='ltr'>capessere</span> <span class='ocrx_word' id='word_1_124' title='bbox 471 2429 575 2513; x_wconf 84' lang='lat' dir='ltr'>coepti</span> <span class='ocrx_word' id='word_1_125' title='bbox 603 2428 731 2493; x_wconf 84' lang='lat' dir='ltr'>loboris.</span> <span class='ocrx_word' id='word_1_126' title='bbox 779 2427 914 2494; x_wconf 87' lang='lat' dir='ltr'>Accedit</span> <span class='ocrx_word' id='word_1_127' title='bbox 936 2427 1021 2511; x_wconf 90' lang='lat' dir='ltr'>quod</span> <span class='ocrx_word' id='word_1_128' title='bbox 1050 2448 1091 2492; x_wconf 93' lang='lat' dir='ltr'>ne</span> <span class='ocrx_word' id='word_1_129' title='bbox 1113 2428 1189 2493; x_wconf 89' lang='lat' dir='ltr'>licet</span> <span class='ocrx_word' id='word_1_130' title='bbox 1211 2427 1341 2511; x_wconf 92' lang='lat' dir='ltr'>quidem</span> <span class='ocrx_word' id='word_1_131' title='bbox 1370 2431 1417 2496; x_wconf 88' lang='lat' dir='ltr'>sic</span> 
     </span>
     <span class='ocr_line' id='line_1_21' title="bbox 280 2529 1416 2616; baseline 0 -18"><span class='ocrx_word' id='word_1_132' title='bbox 280 2533 470 2616; x_wconf 82' lang='lat' dir='ltr'>coniungere</span> <span class='ocrx_word' id='word_1_133' title='bbox 501 2533 615 2616; x_wconf 88' lang='lat' dir='ltr'>verba,</span> <span class='ocrx_word' id='word_1_134' title='bbox 652 2529 802 2614; x_wconf 91' lang='lat' dir='ltr'>quoniam</span> <span class='ocrx_word' id='word_1_135' title='bbox 832 2535 1006 2616; x_wconf 79' lang='lat' dir='ltr'>praeeunte</span> <span class='ocrx_word' id='word_1_136' title='bbox 1039 2530 1207 2616; x_wconf 84' lang='lat' dir='ltr'>participio</span> <span class='ocrx_word' id='word_1_137' title='bbox 1240 2532 1416 2616; x_wconf 90' lang='lat' dir='ltr'>eodemque</span> 
     </span>
     <span class='ocr_line' id='line_1_22' title="bbox 279 2634 1411 2720; baseline -0.001 -18"><span class='ocrx_word' id='word_1_138' title='bbox 279 2643 405 2704; x_wconf 87' lang='lat' dir='ltr'>servato</span> <span class='ocrx_word' id='word_1_139' title='bbox 443 2636 586 2703; x_wconf 91' lang='lat' dir='ltr'>subiecto</span> <span class='ocrx_word' id='word_1_140' title='bbox 621 2657 678 2720; x_wconf 81' lang='lat' dir='ltr'>que</span> <span class='ocrx_word' id='word_1_141' title='bbox 715 2634 873 2719; x_wconf 86' lang='lat' dir='ltr'>particula</span> <span class='ocrx_word' id='word_1_142' title='bbox 909 2651 1041 2718; x_wconf 89' lang='lat' dir='ltr'>prorsus</span> <span class='ocrx_word' id='word_1_143' title='bbox 1075 2640 1124 2698; x_wconf 87' lang='lat' dir='ltr'>est</span> <span class='ocrx_word' id='word_1_144' title='bbox 1160 2653 1411 2718; x_wconf 88' lang='lat' dir='ltr'>supervacanea.</span> 
     </span>
     <span class='ocr_line' id='line_1_23' title="bbox 282 2734 1415 2824; baseline -0.002 -18"><span class='ocrx_word' id='word_1_145' title='bbox 282 2741 391 2824; x_wconf 85' lang='lat' dir='ltr'>(Vides</span> <span class='ocrx_word' id='word_1_146' title='bbox 415 2741 512 2807; x_wconf 88' lang='lat' dir='ltr'>etiarn</span> <span class='ocrx_word' id='word_1_147' title='bbox 535 2741 618 2806; x_wconf 93' lang='lat' dir='ltr'>hanc</span> <span class='ocrx_word' id='word_1_148' title='bbox 641 2740 680 2805; x_wconf 95' lang='lat' dir='ltr'>0b</span> <span class='ocrx_word' id='word_1_149' title='bbox 704 2757 835 2804; x_wconf 88' lang='lat' dir='ltr'>causam</span> <span class='ocrx_word' id='word_1_150' title='bbox 854 2734 1103 2802; x_wconf 81' lang='lat' dir='ltr'>audacissimam</span> <span class='ocrx_word' id='word_1_151' title='bbox 1126 2735 1317 2803; x_wconf 90' lang='lat' dir='ltr'>Baehrensii</span> <span class='ocrx_word' id='word_1_152' title='bbox 1340 2758 1415 2804; x_wconf 91' lang='lat' dir='ltr'>con-</span> 
     </span>
     <span class='ocr_line' id='line_1_24' title="bbox 276 2837 1408 2928; baseline -0.004 -18"><span class='ocrx_word' id='word_1_153' title='bbox 276 2844 431 2910; x_wconf 86' lang='lat' dir='ltr'>iecturam</span> <span class='ocrx_word' id='word_1_154' title='bbox 451 2843 603 2928; x_wconf 83' lang='lat' dir='ltr'>oertisqoe</span> <span class='ocrx_word' id='word_1_155' title='bbox 619 2843 673 2906; x_wconf 84' lang='lat' dir='ltr'>sub</span> <span class='ocrx_word' id='word_1_156' title='bbox 691 2841 754 2905; x_wconf 87' lang='lat' dir='ltr'>oris</span> <span class='ocrx_word' id='word_1_157' title='bbox 770 2839 846 2905; x_wconf 89' lang='lat' dir='ltr'>ferri</span> <span class='ocrx_word' id='word_1_158' title='bbox 861 2859 924 2904; x_wconf 89' lang='lat' dir='ltr'>non</span> <span class='ocrx_word' id='word_1_159' title='bbox 939 2839 1059 2922; x_wconf 88' lang='lat' dir='ltr'>posse.)</span> <span class='ocrx_word' id='word_1_160' title='bbox 1080 2837 1170 2916; x_wconf 79' lang='lat' dir='ltr'>Quae</span> <span class='ocrx_word' id='word_1_161' title='bbox 1187 2841 1319 2906; x_wconf 83' lang='lat' dir='ltr'>sumita</span> <span class='ocrx_word' id='word_1_162' title='bbox 1336 2839 1408 2922; x_wconf 77' lang='lat' dir='ltr'>sint,</span> 
     </span>
     <span class='ocr_line' id='line_1_25' title="bbox 276 2940 1414 3026; baseline -0.004 -13"><span class='ocrx_word' id='word_1_163' title='bbox 276 2966 409 3014; x_wconf 90' lang='lat' dir='ltr'>necesse</span> <span class='ocrx_word' id='word_1_164' title='bbox 425 2953 475 3013; x_wconf 89' lang='lat' dir='ltr'>est</span> <span class='ocrx_word' id='word_1_165' title='bbox 486 2945 585 3012; x_wconf 88' lang='lat' dir='ltr'>verba</span> <span class='ocrx_word' id='word_1_166' title='bbox 600 2965 671 3010; x_wconf 84' lang='lat' dir='ltr'>cunr</span> <span class='ocrx_word' id='word_1_167' title='bbox 687 2946 800 3007; x_wconf 83' lang='lat' dir='ltr'>darum</span> <span class='ocrx_word' id='word_1_168' title='bbox 807 2948 991 3026; x_wconf 81' lang='lat' dir='ltr'>permensus</span> <span class='ocrx_word' id='word_1_169' title='bbox 1006 2940 1068 3004; x_wconf 87' lang='lat' dir='ltr'>iter</span> <span class='ocrx_word' id='word_1_170' title='bbox 1080 2942 1305 3025; x_wconf 85' lang='lat' dir='ltr'>coniungenda</span> <span class='ocrx_word' id='word_1_171' title='bbox 1319 2943 1414 3008; x_wconf 89' lang='lat' dir='ltr'>aliter</span> 
     </span>
     <span class='ocr_line' id='line_1_26' title="bbox 277 3045 1413 3131; baseline -0.005 -14"><span class='ocrx_word' id='word_1_172' title='bbox 277 3051 518 3116; x_wconf 89' lang='lat' dir='ltr'>constituamus.</span> <span class='ocrx_word' id='word_1_173' title='bbox 559 3049 769 3114; x_wconf 87' lang='lat' dir='ltr'>Marklandus</span> <span class='ocrx_word' id='word_1_174' title='bbox 799 3045 934 3113; x_wconf 88' lang='lat' dir='ltr'>coniecit</span> <span class='ocrx_word' id='word_1_175' title='bbox 955 3053 1139 3131; x_wconf 83' lang='lat' dir='ltr'>coeptosque</span> <span class='ocrx_word' id='word_1_176' title='bbox 1162 3047 1299 3127; x_wconf 80' lang='lat' dir='ltr'>totores,</span> <span class='ocrx_word' id='word_1_177' title='bbox 1327 3046 1413 3128; x_wconf 93' lang='lat' dir='ltr'>quod</span> 
     </span>
     <span class='ocr_line' id='line_1_27' title="bbox 276 3148 1413 3238; baseline -0.006 -18"><span class='ocrx_word' id='word_1_178' title='bbox 276 3154 405 3238; x_wconf 92' lang='lat' dir='ltr'>quidem</span> <span class='ocrx_word' id='word_1_179' title='bbox 429 3155 505 3221; x_wconf 88' lang='lat' dir='ltr'>lieet</span> <span class='ocrx_word' id='word_1_180' title='bbox 520 3155 712 3238; x_wconf 84' lang='lat' dir='ltr'>coniungere</span> <span class='ocrx_word' id='word_1_181' title='bbox 736 3173 806 3219; x_wconf 90' lang='lat' dir='ltr'>eum</span> <span class='ocrx_word' id='word_1_182' title='bbox 823 3148 1035 3236; x_wconf 86' lang='lat' dir='ltr'>praecedente</span> <span class='ocrx_word' id='word_1_183' title='bbox 1058 3149 1288 3232; x_wconf 84' lang='lat' dir='ltr'>enuntiatione,</span> <span class='ocrx_word' id='word_1_184' title='bbox 1314 3149 1413 3214; x_wconf 88' lang='lat' dir='ltr'>itaut</span> 
     </span>
     <span class='ocr_line' id='line_1_28' title="bbox 276 3251 1411 3344; baseline -0.008 -19"><span class='ocrx_word' id='word_1_185' title='bbox 276 3279 315 3325; x_wconf 87' lang='lat' dir='ltr'>ex</span> <span class='ocrx_word' id='word_1_186' title='bbox 332 3257 500 3344; x_wconf 88' lang='lat' dir='ltr'>participio</span> <span class='ocrx_word' id='word_1_187' title='bbox 511 3279 695 3343; x_wconf 81' lang='lat' dir='ltr'>permensus</span> <span class='ocrx_word' id='word_1_188' title='bbox 718 3255 812 3322; x_wconf 84' lang='lat' dir='ltr'>facile</span> <span class='ocrx_word' id='word_1_189' title='bbox 828 3271 990 3319; x_wconf 87' lang='lat' dir='ltr'>sumamus</span> <span class='ocrx_word' id='word_1_190' title='bbox 1006 3253 1138 3318; x_wconf 91' lang='lat' dir='ltr'>verbum</span> <span class='ocrx_word' id='word_1_191' title='bbox 1159 3251 1345 3336; x_wconf 89' lang='lat' dir='ltr'>perficiendi</span> <span class='ocrx_word' id='word_1_192' title='bbox 1359 3253 1411 3318; x_wconf 85' lang='lat' dir='ltr'>vel</span> 
     </span>
     <span class='ocr_line' id='line_1_29' title="bbox 274 3355 1412 3448; baseline -0.008 -20"><span class='ocrx_word' id='word_1_193' title='bbox 274 3361 499 3448; x_wconf 80' lang='lat' dir='ltr'>perpetrandi,</span> <span class='ocrx_word' id='word_1_194' title='bbox 537 3369 645 3427; x_wconf 89' lang='lat' dir='ltr'>tamen</span> <span class='ocrx_word' id='word_1_195' title='bbox 676 3359 826 3446; x_wconf 89' lang='lat' dir='ltr'>displicet</span> <span class='ocrx_word' id='word_1_196' title='bbox 859 3357 999 3422; x_wconf 85' lang='lat' dir='ltr'>maxime</span> <span class='ocrx_word' id='word_1_197' title='bbox 1033 3357 1073 3422; x_wconf 92' lang='lat' dir='ltr'>ob</span> <span class='ocrx_word' id='word_1_198' title='bbox 1108 3355 1304 3439; x_wconf 84' lang='lat' dir='ltr'>languidum·</span> <span class='ocrx_word' id='word_1_199' title='bbox 1329 3355 1412 3420; x_wconf 92' lang='lat' dir='ltr'>illud</span> 
     </span>
     <span class='ocr_line' id='line_1_30' title="bbox 274 3459 1410 3550; baseline -0.003 -24"><span class='ocrx_word' id='word_1_200' title='bbox 274 3474 407 3550; x_wconf 89' lang='lat' dir='ltr'>ooeptos.</span> <span class='ocrx_word' id='word_1_201' title='bbox 445 3466 513 3544; x_wconf 72' lang='lat' dir='ltr'>Quo</span> <span class='ocrx_word' id='word_1_202' title='bbox 535 3465 569 3530; x_wconf 94' lang='lat' dir='ltr'>in</span> <span class='ocrx_word' id='word_1_203' title='bbox 592 3464 748 3530; x_wconf 90' lang='lat' dir='ltr'>vocabulo</span> <span class='ocrx_word' id='word_1_204' title='bbox 771 3461 920 3528; x_wconf 89' lang='lat' dir='ltr'>mendum</span> <span class='ocrx_word' id='word_1_205' title='bbox 943 3460 1044 3526; x_wconf 90' lang='lat' dir='ltr'>latere</span> <span class='ocrx_word' id='word_1_206' title='bbox 1068 3459 1227 3544; x_wconf 81' lang='lat' dir='ltr'>suspicor3</span> <span class='ocrx_word' id='word_1_207' title='bbox 1254 3459 1312 3524; x_wconf 92' lang='lat' dir='ltr'>sed</span> <span class='ocrx_word' id='word_1_208' title='bbox 1329 3459 1410 3542; x_wconf 64' lang='lat' dir='ltr'>vquid</span> 
     </span>
     <span class='ocr_line' id='line_1_31' title="bbox 274 3563 1410 3654; baseline -0.007 -21"><span class='ocrx_word' id='word_1_209' title='bbox 274 3568 394 3634; x_wconf 82' lang='lat' dir='ltr'>Statius</span> <span class='ocrx_word' id='word_1_210' title='bbox 412 3569 584 3654; x_wconf 78' lang='lat' dir='ltr'>scripserit,</span> <span class='ocrx_word' id='word_1_211' title='bbox 604 3588 660 3654; x_wconf 86' lang='lat' dir='ltr'>pro</span> <span class='ocrx_word' id='word_1_212' title='bbox 677 3573 762 3633; x_wconf 87' lang='lat' dir='ltr'>certo</span> <span class='ocrx_word' id='word_1_213' title='bbox 778 3586 872 3633; x_wconf 87' lang='lat' dir='ltr'>nemo</span> <span class='ocrx_word' id='word_1_214' title='bbox 888 3565 973 3631; x_wconf 89' lang='lat' dir='ltr'>ausit</span> <span class='ocrx_word' id='word_1_215' title='bbox 984 3563 1157 3630; x_wconf 86' lang='lat' dir='ltr'>affirmare.</span> <span class='ocrx_word' id='word_1_216' title='bbox 1176 3563 1265 3640; x_wconf 75' lang='lat' dir='ltr'>Quae</span> <span class='ocrx_word' id='word_1_217' title='bbox 1273 3563 1410 3628; x_wconf 91' lang='lat' dir='ltr'>Waohs-</span> 
     </span>
     <span class='ocr_line' id='line_1_32' title="bbox 273 3666 1200 3756; baseline -0.008 -20"><span class='ocrx_word' id='word_1_218' title='bbox 273 3671 423 3736; x_wconf 88' lang='lat' dir='ltr'>muthius·</span> <span class='ocrx_word' id='word_1_219' title='bbox 437 3678 469 3737; x_wconf 90' lang='lat' dir='ltr'>ct</span> <span class='ocrx_word' id='word_1_220' title='bbox 491 3671 670 3736; x_wconf 73' lang='lat' dir='ltr'>Schoellius</span> <span class='ocrx_word' id='word_1_221' title='bbox 693 3673 888 3756; x_wconf 89' lang='lat' dir='ltr'>temptarunt</span> <span class='ocrx_word' id='word_1_222' title='bbox 910 3687 1008 3752; x_wconf 88' lang='lat' dir='ltr'>supra</span> <span class='ocrx_word' id='word_1_223' title='bbox 1031 3666 1200 3751; x_wconf 90' lang='lat' dir='ltr'>adscripsi.</span> 
     </span>
    </p>

    <p class='ocr_par' dir='ltr' id='par_1_10' title="bbox 203 3769 1408 4378">
     <span class='ocr_line' id='line_1_33' title="bbox 203 3769 1408 3858; baseline 0 -24"><span class='ocrx_word' id='word_1_224' title='bbox 203 3783 252 3836; x_wconf 77' lang='lat'>235</span> <span class='ocrx_word' id='word_1_225' title='bbox 358 3774 396 3840; x_wconf 92' lang='lat' dir='ltr'>V.</span> <span class='ocrx_word' id='word_1_226' title='bbox 416 3779 490 3840; x_wconf 78' lang='lat'><strong>235.</strong></span> <span class='ocrx_word' id='word_1_227' title='bbox 537 3775 638 3840; x_wconf 89' lang='lat' dir='ltr'>Nemo</span> <span class='ocrx_word' id='word_1_228' title='bbox 669 3782 793 3858; x_wconf 84' lang='lat' dir='ltr'>questus</span> <span class='ocrx_word' id='word_1_229' title='bbox 815 3791 942 3856; x_wconf 87' lang='lat' dir='ltr'>vocem,</span> <span class='ocrx_word' id='word_1_230' title='bbox 976 3791 1072 3854; x_wconf 92' lang='lat' dir='ltr'>quam</span> <span class='ocrx_word' id='word_1_231' title='bbox 1096 3769 1252 3855; x_wconf 89' lang='lat' dir='ltr'>praebent</span> <span class='ocrx_word' id='word_1_232' title='bbox 1282 3769 1408 3836; x_wconf 88' lang='lat' dir='ltr'>codices</span> 
     </span>
     <span class='ocr_line' id='line_1_34' title="bbox 275 3871 1404 3964; baseline -0.006 -20"><span class='ocrx_word' id='word_1_233' title='bbox 275 3877 326 3964; x_wconf 81' lang='lat' dir='ltr'>(cf.</span> <span class='ocrx_word' id='word_1_234' title='bbox 357 3885 548 3964; x_wconf 86' lang='lat' dir='ltr'>apparatum</span> <span class='ocrx_word' id='word_1_235' title='bbox 579 3877 747 3962; x_wconf 78' lang='lat' dir='ltr'>criticum),</span> <span class='ocrx_word' id='word_1_236' title='bbox 777 3883 864 3944; x_wconf 89' lang='lat' dir='ltr'>recte</span> <span class='ocrx_word' id='word_1_237' title='bbox 888 3895 923 3942; x_wconf 91' lang='lat' dir='ltr'>se</span> <span class='ocrx_word' id='word_1_238' title='bbox 945 3875 1065 3942; x_wconf 89' lang='lat' dir='ltr'>habere</span> <span class='ocrx_word' id='word_1_239' title='bbox 1093 3872 1156 3939; x_wconf 91' lang='lat' dir='ltr'>sibi</span> <span class='ocrx_word' id='word_1_240' title='bbox 1186 3871 1404 3958; x_wconf 89' lang='lat' dir='ltr'>persuadebit.</span> 
     </span>
     <span class='ocr_line' id='line_1_35' title="bbox 270 3975 1404 4065; baseline -0.008 -16"><span class='ocrx_word' id='word_1_241' title='bbox 270 3983 483 4062; x_wconf 80' lang='lat' dir='ltr'>Quamobrem</span> <span class='ocrx_word' id='word_1_242' title='bbox 507 3981 687 4048; x_wconf 88' lang='lat' dir='ltr'>coniectura</span> <span class='ocrx_word' id='word_1_243' title='bbox 718 3987 767 4048; x_wconf 85' lang='lat' dir='ltr'>est</span> <span class='ocrx_word' id='word_1_244' title='bbox 796 3999 888 4065; x_wconf 91' lang='lat' dir='ltr'>opus.</span> <span class='ocrx_word' id='word_1_245' title='bbox 937 3977 1071 4060; x_wconf 80' lang='lat' dir='ltr'>Scripsit</span> <span class='ocrx_word' id='word_1_246' title='bbox 1092 3975 1279 4042; x_wconf 89' lang='lat' dir='ltr'>Bernartius</span> <span class='ocrx_word' id='word_1_247' title='bbox 1305 3984 1404 4060; x_wconf 82' lang='lat' dir='ltr'>coetu,</span> 
     </span>
     <span class='ocr_line' id='line_1_36' title="bbox 269 4079 1402 4168; baseline -0.007 -18"><span class='ocrx_word' id='word_1_248' title='bbox 269 4085 480 4152; x_wconf 88' lang='lat' dir='ltr'>Marklandus</span> <span class='ocrx_word' id='word_1_249' title='bbox 503 4092 607 4150; x_wconf 80' lang='lat' dir='ltr'>coetos</span> <span class='ocrx_word' id='word_1_250' title='bbox 628 4085 720 4168; x_wconf 72' lang='lat' dir='ltr'>(bene</span> <span class='ocrx_word' id='word_1_251' title='bbox 743 4084 858 4150; x_wconf 85' lang='lat' dir='ltr'>collato</span> <span class='ocrx_word' id='word_1_252' title='bbox 881 4082 945 4148; x_wconf 90' lang='lat' dir='ltr'>alio</span> <span class='ocrx_word' id='word_1_253' title='bbox 969 4080 1122 4146; x_wconf 86' lang='lat' dir='ltr'>silvarum</span> <span class='ocrx_word' id='word_1_254' title='bbox 1146 4079 1214 4144; x_wconf 89' lang='lat' dir='ltr'>loeo</span> <span class='ocrx_word' id='word_1_255' title='bbox 1237 4079 1262 4161; x_wconf 92' lang='lat' dir='ltr'>I,</span> <span class='ocrx_word' id='word_1_256' title='bbox 1283 4083 1402 4162; x_wconf 82' lang='grc'><strong>4,115,</strong></span> 
     </span>
     <span class='ocr_line' id='line_1_37' title="bbox 269 4181 1403 4271; baseline -0.008 -19"><span class='ocrx_word' id='word_1_257' title='bbox 269 4188 324 4254; x_wconf 78' lang='lat' dir='ltr'>urbi</span> <span class='ocrx_word' id='word_1_258' title='bbox 348 4193 432 4254; x_wconf 90' lang='lat' dir='ltr'>recte</span> <span class='ocrx_word' id='word_1_259' title='bbox 454 4187 540 4254; x_wconf 89' lang='lat' dir='ltr'>idem</span> <span class='ocrx_word' id='word_1_260' title='bbox 563 4187 611 4252; x_wconf 87' lang='lat' dir='ltr'>vir</span> <span class='ocrx_word' id='word_1_261' title='bbox 639 4187 843 4253; x_wconf 88' lang='lat' dir='ltr'>doctissimus</span> <span class='ocrx_word' id='word_1_262' title='bbox 873 4205 930 4271; x_wconf 91' lang='lat' dir='ltr'>pro</span> <span class='ocrx_word' id='word_1_263' title='bbox 958 4192 1061 4248; x_wconf 81' lang='lat' dir='ltr'>coetus</span> <span class='ocrx_word' id='word_1_264' title='bbox 1091 4181 1230 4249; x_wconf 87' lang='lat' dir='ltr'>restituit</span> <span class='ocrx_word' id='word_1_265' title='bbox 1252 4183 1403 4267; x_wconf 83' lang='lat' dir='ltr'>questus).</span> 
     </span>
     <span class='ocr_line' id='line_1_38' title="bbox 268 4289 920 4378; baseline -0.011 -18"><span class='ocrx_word' id='word_1_266' title='bbox 268 4292 478 4360; x_wconf 85' lang='lat' dir='ltr'>Marklandus</span> <span class='ocrx_word' id='word_1_267' title='bbox 500 4291 790 4378; x_wconf 84' lang='lat' dir='ltr'>interpungendum</span> <span class='ocrx_word' id='word_1_268' title='bbox 814 4289 920 4355; x_wconf 83' lang='lat' dir='ltr'>duxit:</span> 
     </span>
    </p>
   </div>
   <div class='ocr_carea' id='block_1_7' title="bbox 0 0 1630 5130">
    <p class='ocr_par' dir='ltr' id='par_1_11' title="bbox 0 0 1630 5130">
     <span class='ocr_line' id='line_1_39' title="bbox 0 0 1630 5130; baseline 0 7"><span class='ocrx_word' id='word_1_269' title='bbox 0 0 1630 5130; x_wconf 95' lang='lat' dir='ltr'> </span> 
     </span>
    </p>
   </div>
  </div>
 </body>
</html>
