3250 5130
222 1284 227 1294 -
301 1230 611 1332 Epithalamium
638 1230 681 1310 in
709 1227 875 1312 Stellam
902 1227 941 1308 ct
960 1225 1244 1308 Violentillam.

288 1513 397 1606 Unde
421 1559 511 1604 sacro
535 1538 620 1604 Latii
643 1517 818 1604 sonuerunt
840 1538 979 1603 carmine
1002 1541 1150 1602 montesi

208 1643 289 1725 Oui,'
308 1644 432 1723 Paean,
460 1663 543 1708 nova
565 1643 687 1726 plectra
709 1661 820 1707 moves
842 1661 1015 1723 umeroque
1038 1639 1175 1705 comanti

207 1746 394 1810 Facundum
418 1746 589 1830 suspendis
613 1747 711 1830 eburi
739 1746 849 1829 procul
872 1765 946 1810 ecee
970 1765 1085 1809 canoro

206 1851 397 1932 Demigrant
417 1851 572 1915 Helieone
595 1849 675 1914 deae
698 1850 908 1933 quatiuntque
930 1869 1057 1914 novena

208 1953 375 2037 Lampade
398 1953 585 2018 sollemnem
608 1955 760 2019 thalamis
784 1953 970 2018 coeuntibus
991 1952 1099 2034 ignem

208 2058 249 2121 Et
271 2057 311 2121 de
333 2056 448 2121 Pieriis
470 2059 612 2122 vocalem
636 2058 776 2123 fontibus
799 2058 930 2122 undam.

209 2160 297 2237 Quas
318 2159 402 2224 inter
423 2161 513 2224 vultu
536 2161 686 2245 petulans
708 2162 833 2243 Elegea
854 2160 1047 2246 propinquat

210 2263 334 2328 Celsior
355 2263 489 2335 adsueto
512 2263 668 2346 divasque
691 2264 834 2329 hortatur
856 2272 888 2330 et
910 2266 1011 2330 ambit

210 2367 375 2430 Alternum
399 2366 517 2432 fultura
538 2367 654 2451 pedem
678 2367 899 2452 decimamque
921 2369 1024 2434 videri
1125 2355 1128 2360 ’

211 2469 253 2534 Se
276 2470 364 2554 cupit
385 2477 418 2536 et
440 2471 564 2536 medias
587 2471 672 2536 fallit
694 2472 853 2556 permixta
875 2491 1009 2536 sorores.

211 2573 288 2657 Ipsa
309 2595 406 2638 mauu
428 2580 563 2658 nuptam
586 2575 733 2657 genetrix
755 2575 880 2640 Aeneia
902 2575 990 2640 ducit

211 2677 349 2740 Lumina
372 2676 544 2742 demissam
568 2683 599 2742 et
622 2677 708 2743 dulei
730 2679 888 2763 probitate
910 2680 1092 2758 rubentem;

212 2780 290 2863 Ipsa
311 2786 396 2844 toros
420 2786 452 2845 et
475 2800 567 2846 sacra
589 2789 683 2866 parat
705 2782 855 2866 cultuque
874 2782 988 2846 Latino

212 2883 424 2947 Dissimulate
447 2883 542 2948 deam
566 2883 684 2956 crinem
706 2885 878 2967 vultusque
900 2903 1064 2970 genasque

214 2987 387 3069 Temperat
408 2992 504 3068 atque
526 3007 610 3052 nova
632 2989 730 3071 gestit
751 2990 854 3054 minor
874 2990 921 3056 ire
943 2991 1071 3055 marita.
1216 3007 1217 3014 ¹
1370 3001 1401 3050 15

213 3090 320 3154 Nosco
343 3089 428 3154 diem
451 3109 630 3173 causasque
653 3092 752 3157 sacri:
787 3099 819 3157 te
841 3094 979 3159 concinit
999 3094 1060 3158 iste
1083 3132 1126 3140 -—

214 3192 325 3257 Pande
348 3193 448 3258 fores!
477 3202 587 3276 -te,
614 3195 734 3276 Stella,
761 3183 889 3278 chorus,
917 3197 976 3262 tibi
997 3197 1146 3262 Phoebus
1169 3203 1201 3262 et
1222 3197 1337 3262 Euhan

286 3470 392 3524 titulum
412 3470 622 3540 epithalamium
641 3472 670 3524 in
689 3474 800 3527 stellam
818 3477 847 3526 et
861 3473 1046 3528 violentillam
1064 3473 1220 3538 addiditA,
1241 3475 1352 3527 eoadem

217 3556 325 3608 titulum
352 3558 433 3609 ceteri
449 3557 579 3627 praebeat
603 3558 705 3610 codices
734 3559 788 3612 niae*
815 3559 885 3628 qood
907 3558 1116 3627 Epithalamion
1142 3559 1273 3629 scriptum
1303 3567 1350 3614 cat.

217 3643 232 3692 2
246 3640 299 3704 Qui
312 3644 340 3696 B
355 3641 359 3711 1
375 3643 485 3697 tonanti
503 3661 532 3703 a,
554 3658 586 3696 eo
606 3642 756 3696 litterarum
773 3644 883 3714 vestigia
900 3663 984 3714 capra
1001 3645 1120 3714 priorem
1137 3645 1214 3698 heim
1231 3645 1356 3754 ufchliqali

1254 3716 1259 3732 ¹
1313 3725 1353 3754 ura

187 3795 191 3803 -
213 3767 321 3871 portqqq
336 3763 460 3816 uideatur
471 3779 603 3832 capmeoae
613 3764 639 3817 A
652 3767 691 3836 114
704 3765 890 3836 quatiuntque
899 3767 940 3818 A:
962 3770 1150 3836 quantumque
1164 3786 1180 3819 a
1192 3769 1203 3832 11
1216 3769 1231 3818 9
1244 3766 1354 3821 factura

218 3886 259 3947 B,
285 3883 379 3937 futura
397 3886 435 3937 M
456 3884 530 3949 (haec
553 3889 577 3936 et
600 3885 630 3938 id
653 3904 735 3956 penae
754 3886 811 3939 atio
835 3903 938 3957 conopeo·
960 3905 977 3938 a
1000 3887 1043 3939 m2
1065 3893 1127 3940 aunt
1147 3887 1350 3958 suprascripta)

217 3969 327 4023 factura
356 3989 373 4023 a
402 3969 527 4027 fractura
555 3973 698 4025 Gooartius
728 3978 854 4028 tractura
879 3974 1010 4028 Heinsius
1033 3976 1044 4039 11
1070 3975 1098 4025 11
1125 3973 1207 4029 duxit
1228 3974 1351 4039 Rama,

219 4057 372 4110 alitterom
389 4076 472 4127 capro
490 4074 508 4111 x
532 4059 596 4112 add.
617 4063 662 4112 aut
684 4059 741 4129 ipae
759 4061 913 4114 Puteolanos
937 4067 984 4114 aut
1003 4078 1100 4114 manua
1118 4059 1173 4114 ciue
1197 4061 1334 4114 simillima
1344 4061 1355 4130 11

219 4144 250 4194 12
269 4144 372 4197 lumine
390 4145 499 4199 RBMa
515 4147 526 4209 11
547 4147 577 4196 13
597 4147 729 4214 cultuque
751 4147 782 4200 T.
802 4145 905 4200 Faber:
926 4153 1065 4217 coetuque
1083 4147 1165 4200 RMa
1189 4152 1308 4215 actuque
1327 4150 1355 4202 B

218 4231 366 4298 cinctuque
385 4231 516 4284 Barcaeo
535 4237 560 4284 et
574 4232 705 4285 Heinsius
717 4235 728 4298 11
743 4235 773 4283 15
791 4249 865 4286 noua
877 4237 918 4288 A:
939 4249 1013 4287 nono
1026 4253 1042 4286 α
1054 4236 1065 4299 11
1077 4233 1191 4298 marita,
1205 4239 1235 4286 ut
1246 4235 1300 4287 oid.
1312 4239 1351 4288 A:

218 4317 319 4370 marito
338 4336 354 4368 a
373 4320 384 4383 11
404 4318 434 4367 11
455 4332 545 4371 euuan
565 4320 593 4371 R
623 4319 713 4373 euahn
733 4338 749 4371 a
907 4315 909 4320 '

287 4419 347 4458 Stati
361 4419 541 4470 Epithalamium.
1135 4428 1144 4477 l
