3250 5130
793 461 1005 526 mppr„

332 648 450 714 calceis
473 649 618 734 plerique
641 648 760 728 induti;
787 671 920 733 quorum
936 651 999 715 duo
1014 649 1177 714 volumina
1199 648 1328 716 sinistra
1342 655 1464 716 tenent.

331 753 436 836 Atque
451 753 505 836 qui
522 773 542 818 a
557 754 687 818 sinistra
706 760 770 819 stat
792 774 863 818 cum
879 753 1051 836 volumine,
1070 753 1214 818 dextram
1238 761 1332 837 togae
1355 754 1468 818 admo-

332 864 438 939 turus,
466 857 604 922 medium
627 857 711 922 inter
733 864 882 938 quattuor
904 857 990 922 viros
1012 857 1110 923 habet
1132 857 1249 940 locum,
1276 878 1408 940 quorum
1438 859 1467 922 is

332 959 386 1041 qui
410 979 507 1044 prope
531 979 603 1026 eum
627 960 791 1043 prooessit,
811 960 935 1025 duobus
951 960 1084 1025 dextrae
1107 960 1217 1042 digitis
1234 962 1369 1026 elevatis
1393 982 1467 1026 cum

332 1084 369 1128 eo
393 1045 536 1148 disputat
557 1063 694 1128 fortasse
718 1063 758 1128 de
789 1063 908 1128 tabulis
937 1063 1004 1128 illis
1033 1063 1242 1147 nuptialibus,
1270 1084 1340 1128 oum
1370 1064 1467 1130 ceteri

330 1166 472 1230 animum
495 1166 537 1230 ad
560 1166 620 1230 hoc
641 1164 818 1230 attendant.

417 1304 454 1367 In
484 1304 587 1368 altera
613 1310 704 1386 parte
727 1303 776 1366 vir
804 1308 931 1385 pectore
961 1309 1026 1368 toto
1057 1303 1123 1368 sere
1146 1303 1307 1370 denudato
1338 1305 1467 1369 sinistra

331 1405 479 1470 volumen
495 1412 582 1471 tenet
597 1404 769 1471 admodum
793 1406 972 1469 mutilatum
994 1413 1089 1488 atque
1112 1405 1243 1472 dextrae
1259 1405 1395 1489 digitum
1418 1407 1469 1471 in-

332 1509 435 1572 dicem
458 1509 571 1591 tendit,
598 1516 632 1573 ut
654 1509 791 1592 videtur,
818 1508 860 1573 ad
888 1509 1009 1587 virum,
1037 1510 1127 1574 cuius
1150 1509 1263 1574 dextra
1293 1511 1351 1574 sub
1375 1511 1468 1575 volu-

330 1611 415 1677 mine
437 1612 494 1675 illo
517 1631 645 1695 prorsus
668 1618 779 1695 aperta
794 1631 954 1694 apparens
970 1611 1068 1676 verba
1091 1612 1303 1694 subsequitur.
1340 1613 1468 1678 Medius

330 1714 412 1777 inter
442 1733 496 1777 eos
525 1713 637 1777 tertius
666 1713 715 1777 vir
743 1720 826 1778 totus
856 1713 922 1779 fere
957 1713 1091 1796 recedit,
1125 1713 1229 1799 capite
1259 1715 1292 1778 in
1322 1716 1465 1780 dextram

331 1824 455 1899 partem
482 1835 584 1881 verso.
633 1817 705 1882 Duo
728 1816 818 1900 pueri
845 1816 978 1881 tunicati
1009 1816 1051 1881 ad
1080 1817 1179 1900 pedes
1202 1817 1339 1882 virorum
1368 1826 1463 1898 stant,

329 1920 376 1983 ita
398 1925 432 1984 ut
454 1926 602 2002 quattuor
624 1918 752 1983 dextras
776 1919 895 2000 figuras
918 1941 938 1984 a
961 1919 1097 1984 sinistris
1128 1927 1305 1984 secernant.
1353 1921 1468 2004 Capita

331 2043 438 2086 eorum
455 2023 572 2087 desunt
587 2027 619 2086 et
635 2042 760 2105 manus,
780 2022 894 2104 quibus
910 2023 1109 2087 camillorum
1132 2023 1193 2087 ritu
1213 2021 1307 2087 flores
1331 2023 1466 2088 fortasse

332 2133 362 2189 et
384 2126 418 2190 id
440 2147 543 2209 genus
566 2127 631 2191 alia
655 2127 811 2192 ferebant.

420 2263 553 2328 Tabulis
582 2263 660 2328 satis
695 2282 852 2346 superque
890 2261 1062 2345 disputatis
1096 2268 1192 2344 atque
1224 2263 1404 2345 obsignatis
1434 2263 1467 2327 in

331 2365 444 2431 dextra
474 2373 564 2450 parte
595 2365 738 2446 sequitur
767 2365 887 2430 iunctio
917 2364 1111 2429 dextrarum.
1159 2365 1277 2448 Nupta,
1311 2386 1393 2448 quae
1423 2366 1466 2430 si-

330 2469 428 2533 nistro
452 2468 535 2552 pede
558 2468 668 2532 nititur
691 2469 803 2532 dextro
826 2488 915 2532 crure
939 2467 1053 2532 leviter
1074 2465 1176 2543 flexo,
1204 2468 1466 2551 appropinquans

331 2572 474 2638 dextram
513 2571 647 2656 porrigit
683 2571 814 2654 marito,
847 2571 901 2652 qui
939 2592 1010 2635 eam
1039 2569 1210 2654 prehendit
1252 2573 1300 2653 (ut
1327 2570 1462 2652 videtur,

330 2676 496 2757 utriusque
527 2675 612 2740 enim
642 2694 754 2739 manus
782 2673 926 2758 desunt).
973 2674 1107 2738 Maritus
1136 2672 1265 2738 sinistra
1293 2681 1381 2738 tenet
1410 2694 1467 2738 vc-

331 2779 438 2844 luman
477 2779 636 2863 nuptiale,
675 2778 759 2859 quod
787 2777 916 2859 quidem
950 2797 1021 2842 curn
1056 2797 1153 2842 manu
1189 2778 1369 2842 mutilatum
1403 2784 1463 2860 est,

331 2887 432 2965 nupta
454 2881 583 2946 sinistra
605 2881 828 2946 vestimentum
855 2881 1005 2964 capessit,
1039 2881 1073 2944 id
1102 2880 1281 2962 quodiam
1311 2881 1352 2945 ab
1382 2881 1466 2945 anti-

330 2984 494 3066 quissimis
517 2984 713 3067 temporibus
737 2990 856 3067 nuptae
887 2983 993 3049 facere
1024 2984 1159 3058 solent„
1185 2983 1264 3048 Iuno
1287 2984 1367 3065 Iuga
1392 3005 1466 3046 στε-

331 3085 534 3174 φανηφόρος
564 3086 671 3152 media
701 3087 784 3152 inter
812 3086 944 3152 maritos
973 3093 1037 3152 stat
1065 3106 1197 3170 prorsus
1225 3086 1393 3170 recedens,
1419 3087 1465 3152 ita

330 3197 365 3255 ut
387 3197 485 3275 caput
506 3197 630 3255 tantum
653 3198 818 3275 appareat.
866 3191 1042 3274 Nuptam
1069 3189 1212 3270 sequitur
1234 3189 1355 3254 femina
1376 3197 1465 3255 veste

330 3293 452 3376 induta,
479 3314 560 3377 quae
583 3293 715 3359 brachia
737 3293 911 3358 maximam
934 3292 967 3356 in
990 3297 1113 3375 partem
1136 3291 1279 3357 denudat
1301 3293 1465 3377 fasciaque
1582 3303 1583 3306 ’

329 3399 395 3462 alte
419 3405 468 3462 est
490 3397 611 3476 cincta;
639 3397 728 3462 cuius
745 3396 859 3461 dextra
880 3403 947 3461 tota
971 3402 1020 3460 est
1042 3394 1146 3478 posita
1169 3395 1322 3480 incapite
1344 3405 1464 3482 nuptae

329 3502 432 3566 crines
462 3501 530 3566 eius
561 3519 772 3583 componens,
807 3499 953 3578 sinistra,
986 3519 1067 3581 quae
1101 3499 1231 3582 quidem
1264 3519 1326 3565 non
1360 3502 1465 3584 magis

329 3623 424 3686 quam
447 3603 613 3668 brachium
636 3609 742 3686 potest
765 3602 923 3685 cognosci,
949 3601 982 3666 in
1004 3602 1106 3667 altera
1129 3602 1244 3685 capitis
1267 3609 1357 3686 parte
1379 3603 1464 3668 idem

230 3763 232 3770 ,
330 3707 435 3772 facere
459 3707 596 3772 videtur.
644 3707 685 3770 ut
707 3705 802 3770 huius
826 3710 858 3770 et
880 3711 999 3788 nuptae
1021 3706 1129 3770 vultus
1153 3725 1216 3770 non
1245 3712 1310 3770 tam
1333 3705 1375 3770 ad
1397 3707 1464 3771 veri

328 3812 391 3876 cris
415 3809 657 3875 similitudinem
680 3829 775 3892 quam
801 3809 844 3874 ad
872 3809 1006 3874 formam
1029 3809 1188 3891 quandam
1218 3809 1251 3872 in
1281 3809 1464 3876 universum

327 3921 490 4002 patentem
513 3920 587 3980 sunt
609 3912 766 3996 expressi.

414 4051 550 4118 Virum
588 4041 731 4133 sequitur
768 4051 862 4115 homo
898 4049 1053 4115 barbatus
1092 4049 1366 4134 (paranymphus),
1409 4053 1463 4135 qui

327 4155 418 4222 bulla
441 4161 569 4222 ornatus
592 4163 642 4220 est
672 4174 769 4238 super
791 4152 911 4218 nudum
940 4158 1050 4235 peetus
1080 4154 1250 4237 pendente,
1278 4161 1310 4220 et
1336 4155 1465 4221 sinistra

328 4239 561 4344 aliquid'tenet
584 4258 740 4340 clavaetz’)
769 4256 883 4339 simile,
913 4255 999 4338 quod
1030 4274 1128 4339 supra
1150 4263 1182 4321 et
1212 4257 1340 4342 infr-att)
1368 4259 1464 4323 muti-

328 4364 430 4428 latum
453 4363 528 4446 quid
552 4362 593 4426 sit
614 4361 733 4426 nescio.
