3250 5130
755 411 970 472 ,28-

286 596 402 661 'faeere
426 595 534 682 solenti
556 597 664 662 »dulei
687 597 846 681 probitate
869 596 1041 662 rubentes«
1057 601 1188 679 nuptae.
1221 595 1281 662 aui
1300 615 1430 680 prorsus

296 717 448 764 assensus
477 705 529 772 est
558 699 771 783 Brunnius*).
826 698 892 764 Sed
924 699 957 762 in
986 698 1048 763 hao
1084 718 1119 762 re
1150 698 1339 782 acquievere
1369 698 1430 763 viri

297 800 471 867 doctissimi
508 807 659 885 sertaque
689 801 740 865 his
754 802 884 884 ,figuris
914 801 1025 866 indere
1056 801 1149 866 veriti
1180 807 1254 866 sunt
1286 801 1427 866 nomina.

295 905 445 970 Attamen
475 905 576 989 piotor
597 905 667 989 ipse
689 904 766 970 flore
789 911 821 970 et
842 905 927 970 malo
950 924 1055 968 nonne
1069 905 1227 970 Venerem
1249 903 1430 987 significare

295 1007 397 1072 voluit
433 1007 585 1073 feminam
621 1014 741 1092 nuptae
778 1006 958 1091 oppositam
970 1011 985 1069 1
1033 1006 1144 1071 Altera
1181 1007 1310 1088 quidem
1347 1027 1430 1089 quae

296 1131 447 1195 sponsam
464 1111 606 1193 sequitur
621 1111 737 1176 mulier
751 1132 815 1176 non
829 1116 934 1194 potest
950 1117 1034 1176 oerte
1049 1110 1221 1192 nominari,
1245 1111 1303 1176 sed
1319 1131 1429 1178 omnes

297 1211 447 1300 στεφάνῃ
482 1221 611 1279 ornatas
641 1233 712 1280 esse
741 1213 851 1295 vides,
889 1233 953 1295 qua
981 1212 1042 1277 hoo
1071 1218 1214 1296 tempore
1243 1212 1320 1296 quin
1350 1212 1431 1279 deae

296 1316 540 1399 cognoscendae
556 1317 635 1400 sint,
654 1337 718 1382 non
737 1316 891 1382 dubitem.
918 1315 989 1393 Qua
1004 1315 1045 1380 de
1061 1335 1161 1382 eausa
1183 1322 1216 1380 et
1238 1316 1315 1398 quia
1336 1316 1429 1381 homo

296 1419 438 1484 mortalis
460 1419 597 1501 videtur,
623 1419 712 1485 Pelei
735 1427 767 1485 et
781 1419 928 1485 Thetidis
952 1419 1125 1502 suspiceris
1147 1419 1289 1505 nuptias.
1315 1420 1430 1484 Peleus

296 1522 381 1588 enim
403 1522 555 1588 iuvenum
577 1542 664 1588 more
688 1523 784 1588 etiam
806 1522 875 1587 sine
899 1521 994 1586 oertis
1015 1521 1196 1616 insignibus
1216 1521 1276 1586 hoo
1290 1527 1431 1605 tempore

296 1627 498 1710 pingebatur.
532 1625 659 1690 Thetim
675 1631 783 1690 autem
805 1625 907 1708 pistor
921 1624 1059 1690 fortasse
1081 1628 1145 1689 non
1166 1624 1431 1705 intellexit‚·oum

297 1729 442 1813 delphini
464 1730 534 1794 loeo
558 1748 706 1794 eoronam
728 1734 872 1813 poneret.

384 1832 444 1898 aui
473 1832 608 1915 imagini
635 1831 780 1916 proxima
810 1838 860 1897 est
889 1837 995 1896 aetate
1025 1831 1114 1896 vasis
1143 1830 1308 1896 cuiusdam
1331 1830 1432 1896 Athe-

297 1936 420 2000 niensis
428 1937 487 2018 11).
535 1935 596 2001 Hie
627 1955 747 2019 sponsa
775 1935 880 2019 eapite
910 1937 1016 2002 velato
1046 1935 1233 2020 produeitur
1263 1955 1283 1998 a
1312 1933 1433 1999 femina

298 2037 436 2122 quadam
458 2037 640 2119 stibrene,
667 2060 740 2104 oum
761 2039 887 2104 iuvenis
910 2059 1039 2104 manum
1059 2038 1128 2103 eius
1143 2037 1230 2122 oepit
1244 2043 1433 2121 captamque

299 2161 408 2207 seeum
428 2141 515 2206 duait
530 2148 625 2226 eaput
640 2143 681 2208 ad
697 2162 849 2226 sponsam
871 2149 955 2208 retro
969 2149 1115 2220 vertens;
1142 2141 1264 2206 femina
1285 2161 1357 2206 eam
1379 2160 1433 2206 se·

299 2244 407 2326 quitur
422 2243 503 2308 duas
518 2263 632 2316 manus
647 2244 681 2307 in
697 2265 827 2328 eorpore
844 2245 913 2310 eius
929 2264 1069 2328 ponens,
1089 2245 1217 2309 laevam
1232 2243 1265 2307 in
1288 2264 1429 2324 umero,

298 2354 334 2413 ut
366 2353 462 2412 antea
490 2346 647 2429 vidimus,
684 2346 831 2412 dextram
860 2347 906 2410 ita
933 2353 968 2410 ut
997 2347 1138 2411 cubitum
1176 2346 1245 2411 fere
1282 2347 1430 2428 attingat.
1480 2347 1483 2354 ’

299 2451 366 2516 Has
382 2451 512 2534 nuptias
529 2450 571 2514 ad
587 2456 707 2515 oertam
729 2449 890 2534 pertinere
912 2449 1069 2532 fabulam,
1096 2467 1287 2530 quamquam
1311 2448 1434 2530 figurae

298 2554 431 2619 nonita
453 2559 528 2618 sunt
551 2553 732 2633 distinctae,
759 2558 794 2616 ut
817 2558 901 2617 oerte
923 2552 1048 2636 possint
1075 2551 1252 2636 appellari,
1279 2558 1311 2617 et
1333 2572 1374 2617 ex
1396 2572 1433 2618 eo

298 2657 409 2744 patefit
438 2656 523 2740 quod
553 2675 691 2740 sponsus
717 2655 824 2720 herois
847 2654 911 2718 ritu
941 2661 990 2719 est
1012 2655 1148 2720 vestitus
1171 2661 1203 2719 et
1226 2675 1267 2720 ex
1288 2675 1326 2721 eo
1349 2657 1435 2737 quod

299 2761 332 2826 di
355 2760 513 2827 aaoedunt
535 2760 673 2825 Artemis
697 2765 728 2824 et
750 2759 881 2842 Apollo,
908 2777 990 2840 quos
1012 2777 1076 2822 non
1098 2757 1203 2840 magis
1233 2777 1328 2840 quam
1350 2759 1433 2825 alios

300 2865 378 2930 deos
407 2863 573 2946 quibusvis
595 2863 715 2946 nuptiis
737 2862 887 2928 humanis
910 2861 1089 2928 cotidianae
1110 2861 1197 2926 vitae
1227 2861 1373 2927 faventes
1400 2869 1435 2928 ut

301 2966 377 3033 deos
400 2967 585 3053 γαμηλίους
607 2985 680 3032 esse
701 2966 805 3050 piatos
826 2965 1009 3050 praefracte
1024 2985 1122 3048 nego,
1142 2965 1290 3047 quoniam
1311 2967 1434 3031 nullum

299 3071 395 3136 huius
417 3071 464 3136 rei
487 3075 576 3136 extat
598 3071 790 3154 exemplum.

443 3174 630 3237 Praeseales
651 3195 782 3256 mamque
804 3181 877 3236 aute
899 3173 1005 3235 domos
1026 3173 1158 3235 mulsere
1181 3179 1285 3235 uastas

444 3277 616 3340 Heroum
646 3284 676 3339 el
697 3299 763 3339 sese
784 3275 915 3340 mortali
935 3277 1096 3338 ostendere
1118 3284 1205 3338 coela

447 3379 622 3443 Caelicolae
644 3379 781 3442 troadam
803 3387 911 3460 spreta
929 3377 1049 3460 pietate
1071 3378 1222 3441 solelaal.

380 3482 549 3554 Simillime
564 3487 665 3565 nupta
680 3502 700 3545 a
714 3481 859 3565 pronuba
873 3500 971 3544 manu
985 3485 1081 3564 capta
1094 3485 1297 3562 promovetur
1311 3479 1344 3543 in
1359 3499 1436 3544 vase

300 3586 402 3651 Ruhis
416 3591 551 3669 reperto,
572 3584 657 3667 quod
672 3584 866 3650 Ritsohelius
882 3583 1004 3668 poblioi
1026 3582 1102 3648 feeit
1122 3582 1202 3647 iuris
1221 3588 1317 3664 atque
1341 3603 1435 3647 enar-

301 3688 468 3772 1·avit*'**}.
515 3688 657 3772 Nuptam
679 3687 930 3771 Hippodamiam
954 3705 1043 3767 esse,
1070 3705 1166 3768 quam
1196 3685 1302 3750 nutrix
1324 3685 1436 3770 Pelopi

302 3790 456 3870 traducit,
486 3795 632 3874 apertum
655 3796 714 3856 est.

387 3979 412 4046 *J
434 3978 624 4048 Sitzuugsber.
640 3978 668 4031 d.
682 3978 752 4032 bair.
767 3972 860 4030 Akad.
883 3978 958 4040 1868,
978 3979 1011 4028 48
1024 3991 1066 4045 sq.

371 4067 415 4131 **)
436 4064 634 4133 Staekelberg‚
661 4063 769 4119 Grtiber
794 4064 823 4117 d.
840 4063 913 4116 Hell.
940 4063 997 4117 tab.
1013 4062 1140 4126 XXXII,
1172 4062 1434 4130 Miller-wimales,

302 4154 337 4209 D.
351 4171 377 4208 a.
392 4153 428 4206 Κ.
448 4151 491 4216 ΙΙ,
507 4153 546 4210 17,
565 4153 612 4202 182
633 4173 665 4195 .--
684 4149 765 4204 huius
784 4149 899 4204 tabulae
917 4147 964 4218 fig.
980 4151 1005 4200 2.

355 4238 417 4303 ***]
436 4237 509 4292 Anu.
526 4236 658 4291 dell¹inst
675 4237 750 4300 1810,
767 4236 813 4287 111
826 4250 866 4304 sq.
882 4239 941 4289 tav.
956 4234 1047 4304 d’agg.
1062 4235 1087 4292 N
1100 4259 1131 4281 =
1145 4235 1284 4303 opuscula
1296 4233 1319 4299 Ι,
1332 4235 1381 4286 795
1391 4249 1435 4304 sq.

303 4325 405 4380 1531).Ῑῖ
423 4347 454 4370 =
474 4322 521 4392 fig.
536 4325 561 4374 3.
