3250 5130
734 446 860 538 ‘M
907 477 947 488 .-

276 647 477 710 nequaquam
502 630 589 693 solus
613 630 746 694 maritus
769 630 841 696 fert.
882 630 1017 695 Omnino
1039 630 1073 693 in
1096 631 1235 694 maximo
1257 649 1318 694 usu
1341 635 1410 694 erat

268 752 347 796 ‘cum
370 732 427 796 1611
450 733 611 798 66166166
634 733 781 797 16661666
803 739 930 816 togatos
952 739 1203 816 repraesentare.

360 853 429 917 Hoc
445 873 520 917 6666
536 853 711 936 6666161616
728 853 920 919 sacrificium
936 873 1007 918 esse
1023 853 1102 917 mihi
1118 851 1248 935 quidem
1270 853 1408 917 maxime

275 957 437 1039 probatur,
465 977 536 1021 cum
560 963 728 1039 praeterea
751 956 856 1020 simile
879 957 958 1038 quid
981 977 1044 1021 non
1066 955 1261 1032 invenerim;
1292 955 1407 1020 deinde

274 1078 466 1139 quamquam
503 1057 700 1124 Rossbachio
737 1059 895 1124 concedas
933 1059 1170 1143 haruspicinam
1207 1059 1300 1124 aliter
1337 1077 1408 1123 esse

274 1160 442 1243 sculptam,
469 1168 576 1226 tamen
603 1161 663 1227 hoc
693 1162 1320 1247 166666116616116666661666166166,
1345 1183 1408 1226 non

274 1263 476 1347 extispicium
505 1265 610 1347 ipsum
634 1263 745 1347 effingi
773 1265 878 1347 cogita
906 1266 1017 1344 mod03
1051 1265 1189 1348 denique
1218 1265 1408 1330 sacrificium

273 1367 305 1430 in
329 1367 434 1432 medio
456 1367 594 1450 positum
617 1375 712 1450 atque
735 1370 775 1433 ab
799 1369 864 1432 alia
886 1368 1025 1451 imagine
1046 1369 1278 1450 quodammodo
1302 1388 1408 1434 secre-

273 1477 340 1534 tum
362 1491 397 1535 re
420 1490 498 1535 vera
520 1470 703 1535 dextrarum
732 1471 886 1536 iunctioni
915 1472 1105 1537 antecedere
1134 1491 1229 1557 66666
1259 1472 1331 1555 quis
1360 1478 1409 1536 661
1453 1470 1456 1475 ’

273 1573 328 1654 qui
350 1580 464 1656 negetr
508 1575 677 1639 Hominem
700 1582 808 1640 autem
830 1577 971 1640 velatum
994 1576 1171 1641 rectissime
1194 1575 1324 1640 affinem
1347 1575 1408 1639 ali-

273 1697 367 1759 quem
402 1677 509 1757 dicas,
547 1678 601 1759 qui
634 1679 775 1761 auspicis
810 1699 941 1748 munere
975 1679 1127 1761 fungitur,
1166 1685 1200 1744 ut
1233 1679 1408 1762 posteriore

271 1787 414 1864 tempore
436 1781 628 1864 solebantb.
884 1792 887 1799 “

359 1901 424 1967 Sed
455 1901 520 1966 iam
552 1903 595 1967 ad
624 1903 690 1967 6116
719 1910 920 1967 1666666666
951 1903 1117 1967 sacrificia.
1171 1904 1276 1984 Atque
1309 1909 1344 1966 ut
1373 1903 1407 1967 in

272 2005 384 2069 eodem
422 2005 620 2090 sarcophago
656 2005 897 2089 interpretando
936 2025 1124 2089 pergamus,
1159 2003 1279 2070 ¹iterum
1309 2007 1407 2071 Ross-

273 2107 409 2172 bachius
425 2129 445 2172 6
461 2116 548 2174 66616
571 2109 729 2174 sententia
751 2129 815 2173 non
837 2109 919 2174 bene
935 2109 1095 2174 discessit.
1136 2109 1229 2186 Quod
1244 2109 1330 2173 enim
1354 2128 1408 2173 66-
1514 2116 1516 2122 ’

272 2210 424 2274 orificium
440 2212 483 2275 ad
499 2211 627 2294 nuptias
649 2211 810 2294 pertinere
833 2213 909 2276 6116
933 2213 1069 2295 putabat
1095 2212 1139 2294 (in
1154 2197 1254 2277 161666
1277 2211 1406 2276 61616166

272 2313 501 2398 sarcophagi),
528 2314 562 2378 id
585 2334 669 2378 nunc
692 2314 769 2379 dicit
792 2315 841 2378 dis
871 2315 981 2380 inferis
1005 2315 1084 2379 fieri.
1132 2316 1233 2380 Immo
1260 2315 1406 2398 nuptiale

271 2421 330 2496 661,
356 2417 432 2497 quia
455 2424 487 2481 et
509 2418 627 2500 optime
650 2419 824 2500 respondet
846 2439 918 2483 cum
940 2419 1041 2483 tribus
1064 2417 1183 2482 Gratiis
1206 2419 1406 2502 nuptialibus

271 2525 303 2583 61
325 2540 382 2602 666
406 2526 490 2584 66616
514 2521 631 2584 661666
653 2541 782 2604 666666
805 2543 825 2584 6
847 2542 929 2586 6666
959 2521 1071 2586 666116
1095 2528 1127 2586 61
1148 2521 1265 2586 666116
1293 2521 1407 2586 1666-

270 2623 369 2688 16166
388 2624 532 2706 666611).
565 2624 666 2688 Porca
682 2623 897 2690 6616166661
913 2625 1054 2688 Lucinae
1078 2623 1404 2706 sacrificabatur***).

356 2743 394 2806 In
424 2743 571 2809 omnibus
601 2743 734 2826 reliquis
764 2743 799 2808 id
828 2764 931 2827 genus
959 2743 1167 2828 sarcophagis
1190 2745 1320 2824 victima
1347 2745 1405 2810 bos
1463 2741 1471 2746 ’

270 2852 333 2927 661,
367 2865 461 2926 quem
490 2845 627 2910 ministri
648 2848 823 2911 Romano
853 2867 940 2911 more
963 2847 1072 2912 vestiti
1099 2847 1265 2914 adducunt
1291 2855 1323 2913 et
1352 2869 1405 2913 ca·
1453 2923 1456 2931 ,

269 2949 351 3013 milli
374 2969 471 3033 saepo
495 2950 699 3028 comitantur;
727 2972 823 3033 quam
845 2951 1007 3016 'victimam
1031 2951 1099 3016 Iovi
1129 2951 1269 3016 oblatam
1292 2973 1405 3036 quam-

270 3073 365 3134 quam
389 3053 558 3137 scriptores
587 3053 765 3137 nuptialem
797 3054 899 3119 fuisse
929 3076 992 3120 non
1022 3062 1187 3138 testantur,
1213 3061 1321 3120 tamen
1348 3076 1405 3119 suo

268 3157 337 3221 iure
360 3156 438 3221 artis
462 3176 559 3240 opera
589 3164 717 3221 secutus
740 3157 965 3239 Marquardtus
994 3158 1028 3222 in
1057 3159 1179 3242 nuptiis
1208 3159 1404 3224 immolatam

269 3279 341 3324 esse
368 3259 494 3338 statuit,
528 3257 591 3324 nisi
613 3260 699 3342 quod
726 3260 760 3324 in
790 3260 850 3324 hoc
878 3281 941 3325 666
971 3261 1159 3326 6666611616
1187 3261 1401 3346 doctissimus,

269 3362 355 3444 quod
377 3362 420 3427 ad
442 3363 571 3446 nuptias
593 3363 691 3428 refert
717 3363 918 3445 sacrificium,
952 3364 1036 3445 quod
1065 3364 1240 3448 imperator
1268 3365 1404 3449 paluda-

269 3473 374 3532 mento
396 3465 527 3531 indutus
550 3467 584 3530 in
606 3466 647 3530 iis
671 3466 878 3550 sarcophagis
901 3467 1008 3532 facere
1037 3469 1128 3549 solet,
1156 3469 1210 3552 qui
1240 3469 1282 3533 ad
1304 3469 1403 3534 vitam

268 3569 426 3653 privatam
449 3575 481 3634 et
503 3570 674 3635 militarem
697 3572 897 3654 spectanti).

355 3825 377 3890 *l
398 3826 561 3894 Marquardt
579 3826 597 3878 l.
609 3843 632 3880 6.
654 3828 700 3888 46,
722 3826 816 3880 adnot.
834 3829 857 3878 3.

339 3919 378 3984 11)
399 3919 436 3974 61.
451 3921 604 3974 Varronem
624 3920 658 3974 de
676 3937 702 3975 6.·
714 3938 734 3974 6.
756 3921 796 3984 ΙΙ,
813 3923 838 3986 4,
854 3923 878 3985 9,
899 3937 980 3990 quem
1000 3924 1089 3976 locum
1102 3929 1247 3978 66666616
1265 3926 1403 3994 interpre-

268 4012 344 4062 tatur
362 4005 591 4076 interpungitque
609 4007 801 4062 Rossbachius
819 4007 888 4070 1.6.;
916 4013 1019 4062 666166
1038 4015 1217 4080 veteremque
1235 4013 1402 4067 divisionem

268 4093 326 4146 vid.
348 4093 423 4162 apud
440 4091 648 4160 Marquardtum
668 4093 686 4145 l.
700 4108 723 4146 6.
745 4096 792 4158 50;
822 4092 857 4147 cf.
879 4092 1097 4149 Studemundum
1116 4097 1171 4150 16.
1192 4100 1292 4167 6125.

320 4189 374 4250 sss)
403 4187 521 4250 Preller‚
548 4187 628 4240 Rom.
650 4186 753 4257 Myros
775 4205 802 4258 p.
818 4191 882 4253 242,
915 4189 1089 4258 Marquardt,
1115 4191 1195 4246 Rom.
1217 4193 1398 4250 Staatsverw.

267 4274 324 4338 III,
344 4276 402 4328 168.

342 4371 370 4434 l)
398 4384 452 4438 qua
470 4369 504 4423 de
524 4385 553 4424 66
571 4373 647 4426 66616
665 4369 821 4438 disputavit
839 4369 984 4425 Rossbach
1003 4372 1021 4425 l.
1034 4389 1057 4426 6.
1081 4373 1128 4423 118
1141 4387 1182 4440 sq.
