3250 5130
583 397 585 406 ’
683 389 898 449 -21—

225 585 304 650 satis
327 589 436 647 notum
459 575 638 660 videbatur,
664 574 842 640 coustantio
864 581 895 636 ot
910 573 1015 655 firma
1032 569 1197 654 persuasio
1213 570 1274 653 (l),
1301 569 1359 634 sed
1402 559 1416 574 ”

225 686 417 768 constantia,
432 704 514 767 quae
529 681 605 747 inde
620 681 782 766 probatur,
798 677 884 760 quod
898 674 1101 761 promisso
1117 679 1228 738 statur.
1247 673 1358 738 Hanc

225 791 322 856 fidem
350 810 414 854 non
443 795 510 852 tam
543 808 563 851 a
592 784 718 868 virgine
747 803 843 866 quam
873 801 893 845 a
922 779 1054 844 muliere
1091 783 1251 842 servatam
1283 795 1360 862 esse

226 899 325 979 patet.
372 892 478 972 Atque
503 896 539 954 ut
565 889 626 953 hoc
661 889 730 952 loco
760 908 780 951 a
807 885 871 950 fide
901 881 1115 949 recedendum
1148 901 1220 946 esse
1251 886 1361 946 censet

226 1003 337 1081 poeta,
371 995 418 1060 ita
440 993 519 1074 alio,
555 1011 650 1074 quem
677 995 750 1074 apte
774 1008 844 1054 cum
876 987 935 1051 hoc
959 984 1147 1065 contulen's,
1179 982 1360 1048 Priscillam

228 1100 345 1166 coniu
355 1119 441 1182 gem
457 1097 497 1162 cb
512 1094 596 1160 hanc
607 1094 756 1160 virtutem
771 1091 923 1157 laudibus
934 1092 1026 1156 effert
1039 1088 1121 1173 (silv.
1132 1089 1171 1169 V,
1185 1093 1212 1170 1,
1231 1092 1271 1151 64
1280 1091 1356 1174 sq.):

336 1204 404 1266 Noc
415 1203 517 1286 froas
540 1198 629 1262 triste
652 1197 757 1280 ripas
778 1196 951 1278 nimiusque
972 1193 1006 1258 ia
1028 1193 1193 1258 moribus
1215 1192 1328 1257 horror

335 1305 403 1369 Sed
422 1303 553 1386 simplas
576 1301 747 1386 hilarisque
758 1299 878 1384 fides
897 1347 988 1361 .....

315 1408 453 1474 Statium
482 1412 589 1471 autem
619 1403 811 1469 consulto
841 1402 992 1486 ambigue
1014 1403 1068 1468 vel
1089 1408 1172 1468 tecte
1194 1401 1234 1466 de
1256 1401 1362 1485 priore

229 1512 351 1577 dixisse
387 1509 538 1590 conubio,
575 1528 651 1598 ¹cum
680 1506 899 1572 Violentillam
932 1505 1074 1590 puellam
1107 1525 1223 1572 canere
1251 1505 1359 1589 vellet,

229 1615 313 1699 fugit
342 1611 507 1678 Handium
543 1617 713 1695 negantem
751 1609 791 1676 de
828 1609 948 1675 femina
984 1610 1099 1675 iterum
1135 1609 1276 1674 nubente
1308 1608 1363 1672 vix

230 1737 325 1804 posse
347 1716 417 1782 fieri
438 1716 519 1782 talia
541 1716 653 1782 verba:
681 1735 923 1798 numquamne
945 1712 1244 1778 cirilisumntc'ttore
1266 1712 1362 1796 iuqo?

233 1825 306 1906 (164
324 1822 405 1904 sq),
437 1819 515 1884 sutis
545 1843 562 1882 ο
591 1818 781 1903 nimiamque
804 1817 971 1900 priores
1000 1817 1190 1900 Despeaicse
1215 1837 1364 1899 procos

236 1928 309 2009 (169
325 1925 406 2008 sq),
441 1947 479 1988 aa
511 1923 669 1986 mollem
706 1930 844 2002 uterum,
878 1943 917 1984 aa
947 1921 1108 1985 stantia
1145 1920 1251 1984 laedas
1282 1923 1364 1984 Pec-

233 2036 302 2091 tora
323 2029 394 2108 (270
407 2027 483 2109 sq),
505 2027 660 2090 taudem
681 2025 792 2089 morito
801 2046 951 2108 possessu
965 2024 1078 2088 marito
1098 2024 1198 2114 (274).
1227 2022 1364 2089 Omnino

231 2131 354 2213 cogites
376 2148 497 2212 quaeso
521 2128 641 2219 Statius
663 2147 730 2192 rem
752 2127 860 2193 verbis
889 2147 1008 2210 augere
1031 2133 1063 2192 ct
1091 2129 1255 2192 cumulare
1284 2127 1366 2191 ada·
1418 2176 1420 2195 .

231 2253 349 2312 masse,
371 2253 436 2298 non
458 2231 609 2299 difficiles
631 2252 670 2297 ac
691 2250 832 2298 morosos
854 2231 1111 2314 unumquidque
1134 2231 1178 2297 ad
1200 2231 1366 2297 obrussam

230 2337 390 2421 exegisse.
749 2383 751 2386 -

318 2442 431 2506 Restat
452 2445 488 2505 ut
509 2459 613 2524 pauco
635 2438 739 2504 dicam
762 2438 803 2504 do
825 2437 988 2505 Plutarchi
1010 2445 1134 2522 quaest.
1159 2439 1250 2504 Rom.
1274 2437 1363 2521 (CV),
1397 2435 1400 2440 “

233 2545 288 2627 qui
309 2547 398 2610 locus
413 2563 491 2628 prae
506 2542 621 2610 ceteris
637 2542 856 2608 demonstrare
870 2541 1007 2625 videtur,
1026 2542 1132 2609 viduis
1155 2541 1224 2608 sinc
1247 2561 1367 2626 pompa
1391 2535 1395 2544 ’

233 2648 362 2733 nuptias
394 2645 604 2713 celebrandas
641 2664 728 2711 esse:
770 2639 854 2712 ὅθεν
886 2642 1009 2732 ἡσυχίᾳ
1044 2650 1202 2732 χαίρουσι
1237 2646 1367 2728 μᾶλλον

233 2746 252 2838 ἢ
275 2746 439 2836 θορύβοις
464 2750 520 2812 καὶ
542 2760 781 2834 προπομπαῖς.
835 2748 927 2826 Quod
956 2748 984 2816 si
1012 2770 1047 2816 re
1074 2770 1152 2815 vera
1178 2750 1367 2834 plerumque

234 2854 362 2934 accidit,
387 2859 494 2918 tamen
515 2852 617 2932 nulla,
643 2858 797 2934 quantum
820 2851 968 2935 equidem
998 2852 1077 2932 scic,
1103 2858 1191 2918 extat
1212 2853 1276 2932 lex,
1302 2873 1368 2935 qua

233 2957 351 3023 viduae
366 2957 481 3021 iterum
497 2949 655 3020 nubentes
670 2955 864 3020 caerimonia
878 2975 997 3038 magna
1012 2955 1060 3020 uti
1075 2961 1235 3034 vetantur;
1256 2975 1368 3038 quam-

235 3061 344 3126 obrem
366 3058 455 3124 haud
477 3078 548 3124 raro
571 3057 694 3123 factum
716 3052 799 3142 esse,
818 3065 860 3124 'ut
881 3079 1001 3143 magna
1023 3079 1095 3125 cum
1117 3079 1235 3144 pompa
1256 3059 1368 3124 matri-

234 3163 375 3230 monium
394 3163 521 3245 inirent‚
547 3185 610 3229 non
633 3170 683 3230 cst
705 3184 761 3230 cur
776 3183 944 3248 negemus.
977 3163 1125 3246 Denique
1148 3175 1189 3229 ex
1203 3162 1369 3229 Plutarchi

235 3269 343 3336 verbis
364 3267 463 3352 ipsis:
490 3264 637 3354 ζηλωτὸς
667 3265 729 3354 γὰρ
760 3264 777 3332 ὁ
805 3275 939 3354 πρῶτος
967 3264 1084 3352 γάμος,
1112 3262 1129 3332 ὁ
1154 3267 1190 3332 δὲ
1214 3264 1369 3353 δεύτερος

237 3367 503 3446 ἀπευκταῖος
538 3372 657 3454 elucet,
688 3391 751 3454 quo
780 3371 850 3437 iure
865 3372 1085 3438 Violentillam
1114 3371 1245 3438 viduam
1273 3376 1370 3456 poeta

236 3473 322 3541 dicat
343 3481 593 3540 maerentem
615 3475 746 3558 nuptias
768 3495 899 3559 negare.
1293 3544 1302 3552 ,

322 3577 489 3661 Exemplis
511 3583 635 3658 autem,
661 3598 744 3661 quae
766 3580 861 3644 affert
874 3577 1148 3664 Marquardtus*)‚
1174 3599 1225 3644 me
1240 3578 1370 3661 quidem

238 3682 396 3749 sentiente
411 3701 475 3746 non
491 3681 644 3764 probatur
666 3680 763 3747 etiam
786 3682 962 3766 posteriore
989 3687 1133 3767 tempore
1156 3681 1370 3748 »offendisse«

237 3787 377 3868 aliquem
409 3785 450 3849 in'
472 3785 573 3850 altero
602 3785 749 3851 conubio.
796 3786 946 3852 Poterant
975 3787 1060 3869 enim
1089 3786 1270 3870 praedicari
1299 3785 1370 3850 uai-

172 3915 175 3922 ’
238 3891 325 3954 circe
363 3887 666 3974 (praedicanturque
703 3888 800 3953 etiam
837 3910 922 3955 nunc
958 3890 1108 3956 mulieres
1145 3909 1204 3974 per
1240 3891 1369 3973 longam

238 3992 351 4060 seriem
373 4011 528 4057 annorum
550 3991 605 4056 uni
628 3990 816 4058 coniunctae
838 3993 916 4078 viro)
942 4013 1048 4077 neque
1076 3999 1183 4060 tamen
1206 3993 1370 4078 vitupera·
1412 4033 1416 4045 ν

237 4106 354 4170 bantur
375 4097 492 4165 viduae
514 4095 628 4161 iterum
651 4096 819 4164 nubentes.

306 4334 331 4401 *l
351 4334 532 4392 Privatlebcn
550 4335 602 4388 der
619 4334 722 4388 Rdmer
740 4330 765 4389 l,
786 4326 828 4390 41,
843 4327 867 4378 2·
