3250 5130
744 428 961 488 ..20-

442 613 509 674 Nec
533 610 591 675 tibi
610 610 789 696 sulphureis
812 613 970 678 Lucrinae
994 613 1115 678 Naides
1137 614 1238 679 nutris

441 716 509 778 Nec
532 715 721 798 Pompeiani
738 717 887 800 plaeeuut
907 718 1008 802 mapis
1031 718 1095 782 otiu
1117 718 1232 792 Serui:

287 836 369 900 quae
385 815 431 884 ita
447 837 518 882 oum
534 820 800 886 antecedentibus
817 821 924 886 verbis
937 820 1124 888 cohaerent:
1143 822 1298 908 Neapolis
1314 821 1421 905 (tellus

286 926 318 986 et
333 920 493 986 Sebethus
508 920 636 1002 flumen]
656 923 798 1006 gaudeat
813 925 953 1006 alumna,
972 945 1055 1007 quae
1070 924 1191 990 ideirca
1206 947 1284 1010 prae
1307 925 1420 992 ceteris

258 1023 426 1124 fflhris
449 1023 528 1090 locis
550 1025 720 1110 Neapolim
744 1026 841 1093 debet
863 1048 981 1094 amare.

371 1127 439 1192 Iam
470 1134 640 1212 postquam
669 1129 831 1212 singulas,
858 1138 1011 1214 quantum
1040 1130 1179 1218 adnot,
1206 1131 1420 1197 stabilivimus

285 1230 450 1313 lectiones,
470 1233 625 1296 nonnulla
639 1253 723 1315 quae
746 1234 850 1316 magis
865 1234 899 1298 iu
914 1235 1099 1300 universum
1123 1240 1270 1319 spectant
1283 1241 1420 1300 tractare

284 1334 318 1398 in
341 1335 447 1399 animo
470 1341 530 1400 est.
569 1336 665 1401 Velut
686 1357 878 1420 quaeramus
892 1337 970 1422 quid
993 1337 1032 1403 de
1049 1337 1151 1403 Stella
1173 1345 1205 1403 et
1220 1338 1416 1418 Violentilla,

285 1435 326 1502 de
348 1438 464 1521 quihus
486 1439 547 1504 hoc
569 1440 709 1505 carmine
731 1441 848 1524 agitur,
875 1448 1070 1526 compertum
1092 1441 1281 1507 habeamus.

370 1541 475 1624 Atque
511 1541 552 1608 de
583 1542 686 1608 Stella
716 1543 845 1626 quidem
875 1545 1002 1658 omnia⁴
1030 1566 1112 1628 quae
1140 1545 1319 1610 Teuffelius
1347 1545 1417 1626 (litt.

284 1642 357 1708 hist.
384 1645 495 1709 Rom.³
517 1645 621 1728 §323)
650 1646 820 1728 congessit,
848 1653 933 1712 recte
957 1665 991 1712 se
1013 1647 1134 1713 habent
1155 1647 1265 1731 itaque
1287 1647 1419 1712 verbum

282 1766 347 1811 nou
369 1746 508 1832 amplius
530 1746 658 1812 addam.

370 1850 419 1916 De
444 1849 628 1916 Violentilla
657 1857 764 1916 autem
793 1851 900 1916 facero
929 1872 994 1920 non
1023 1870 1171 1936 possum,
1210 1852 1287 1935 quin
1315 1871 1420 1934 pauca

284 1953 453 2020 disseram.
478 1955 582 2038 Atque
595 1955 733 2040 primum
745 1954 873 2038 quidem
884 1975 997 2021 moneo
1010 1955 1228 2021 Violentillam
1244 1953 1418 2020 secundum

268 2070 271 2147 q
284 2058 410 2125 codices
420 2079 534 2125 nomen
544 2079 616 2126 esse
627 2058 840 2144 scribendum,
848 2079 1043 2143 quamquam
1050 2057 1261 2124 Marklandus
1271 2057 1421 2123 dissentit

269 2150 380 2245 iatque
403 2163 501 2229 etiam
521 2164 699 2230 Teuffelius
722 2184 838 2230 nomen
860 2164 954 2230 affert
968 2163 1172 2228 Violentillae
1194 2163 1217 2227 l.
1237 2183 1278 2240 c.;
1305 2159 1420 2227 ecdem

284 2266 370 2330 enim
392 2265 486 2332 modo
502 2265 672 2332 formatum
696 2272 746 2332 est
767 2288 788 2331 a
809 2267 896 2331 viola
917 2266 1123 2348 violenteas)
1142 2264 1333 2346 violentilla,
1358 2282 1419 2346 quo

75 2393 82 2409 τ
113 2394 143 2418 ν
249 2449 256 2454 ᾖ
284 2387 399 2435 arose
429 2371 570 2456 exempli
599 2370 704 2454 gratia
732 2369 912 2435 rosulentus
941 2369 993 2450 (a),
1019 2375 1054 2432 ut
1082 2388 1133 2432 me
1162 2367 1272 2432 docuit
1292 2368 1420 2449 Zange-

285 2473 426 2557 meister,
458 2473 595 2558 ideoque
631 2480 717 2539 reete
746 2471 897 2538 Ianthida
932 2471 1075 2538 nominat
1101 2469 1260 2535 Martialis
1289 2471 1420 2534 Violen-

284 2576 386 2641 tillam
414 2577 483 2662 (VI,
504 2579 570 2660 21).
617 2577 789 2642 Praeterea
816 2597 933 2641 nomen
956 2576 1141 2656 violentae,
1175 2573 1261 2656 quod
1290 2573 1419 2655 quidem

283 2679 317 2744 in
345 2680 606 2765 inscriptionibus
636 2679 746 2746 latinis
775 2701 839 2746 non
866 2679 985 2758 inveni,
1017 2678 1163 2750 occurrit,
1181 2677 1269 2760 apud
1291 2675 1420 2740 Shako-

284 2803 453 2867 speareum
482 2785 516 2848 in
548 2784 660 2850 fabula
681 2782 746 2850 ¹illa
776 2783 846 2849 sine
875 2781 973 2848 dubio
1002 2803 1043 2848 ex
1073 2779 1245 2846 Boccaccio
1278 2784 1415 2862 sumpta,

284 2906 367 2968 quae
389 2887 573 2953 inscribitur
594 2888 693 2951 »Ales
715 2887 787 2949 eceli
808 2885 880 2949 thet
898 2887 984 2949 euris
1004 2885 1104 2949 uelli:

398 2992 547 3056 Violenta

400 3093 547 3160 Mariana

362 3197 550 3264 Violentilla
579 3196 679 3280 igitur
700 3196 845 3280 primone
867 3217 909 3260 an
932 3194 1072 3260 seeundo
1094 3195 1185 3258 nubit
1206 3193 1296 3258 tiro?
1327 3194 1418 3258 Hau-

284 3303 358 3368 dius
382 3301 434 3385 (ad
456 3322 487 3366 r.
505 3301 576 3384 138)
595 3299 791 3383 uirginitatis
806 3298 1013 3363 Violentillae
1036 3296 1337 3364 vehementissimus
1360 3317 1418 3362 ex·

282 3407 348 3472 titit
375 3413 537 3492 patronus.
585 3405 627 3468 ut
655 3403 867 3468 concedamus
890 3401 1019 3466 Handio
1051 3400 1222 3464 thalamum
1249 3401 1418 3464 summum

292 3532 329 3593 xr.
344 3512 415 3592 138}
430 3530 497 3594 per
511 3529 551 3574 se
566 3506 746 3592 significare
758 3525 853 3591 posse
864 3505 1041 3570 thalamum
1053 3503 1190 3582 felicem,
1203 3503 1309 3566 aeus
1320 3524 1419 3566 arnus

291 3615 372 3696 x¹68)
399 3612 553 3692 caelibes,
571 3611 640 3675 viro
661 3609 789 3674 omniuo
812 3615 957 3673 carentes
972 3627 1092 3677 annos:
1119 3606 1178 3672 sed
1200 3605 1306 3688 cogita
1324 3604 1418 3670 modo

283 3722 528 3782 maerentem
551 3734 672 3797 negare
687 3711 906 3776 Violentillam
925 3710 1061 3774 thalami
1084 3707 1216 3774 secundi
1238 3707 1325 3790 iuga
1351 3708 1417 3772 iam

283 3821 338 3885 rix
364 3820 477 3885 credas
510 3817 674 3884 felicitatis
707 3815 868 3880 notionem
904 3814 1050 3898 inprimis
1079 3812 1196 3896 urgeri.
1243 3811 1417 3878 Clariorem

284 3923 381 3990 etium
403 3945 435 3988 r.
453 3927 512 3987 tut
537 3921 631 3987 affert
658 3921 779 3984 lucem:
814 3917 914 3982 verba
937 3917 1022 3982 enim
1053 3915 1123 4000 pub
1144 3938 1263 3980 mor-rem
1272 3915 1417 4000 fideique
1487 3927 1494 3938 '

283 4031 390 4092 arodus
413 4027 561 4110 equidem
584 4025 679 4090 aliter
693 4045 756 4088 non
772 4041 904 4107 possum
926 4018 1129 4104 interpretari
1151 4018 1214 4084 uisi
1234 4037 1417 4102 »quousque
1492 3997 1505 4022 ’

283 4141 348 4197 tam
371 4131 466 4196 auxie
480 4137 590 4195 tenere
613 4127 724 4192 studes
746 4144 851 4190 mores
882 4123 976 4206 *Siue*
1005 4131 1037 4187 et
1059 4121 1167 4192 fidem.
1192 4121 1227 4187 id
1249 4131 1298 4186 est
1319 4121 1416 4186 fidem

282 4236 384 4306 illam,
403 4253 499 4320 quam
521 4231 634 4296 manto
656 4229 754 4314 priori
777 4227 970 4295 devexisti«.
996 4233 1032 4290 ut
1052 4225 1117 4290 iam
1133 4225 1284 4290 Barthius
1306 4223 1418 4288 docla-

282 4341 376 4408 ravit.
401 4339 496 4402 Feles
510 4335 595 4402 enim
610 4353 810 4419 nequaquam
825 4329 1045 4414 intellegenda
1061 4337 1121 4399 est.
1140 4329 1174 4393 id
1189 4325 1273 4414 quod
1288 4325 1416 4394 Humilia

593 3041 787 3124 neighbours
809 3039 876 3106 and
897 3039 1020 3106 inentis
1042 3047 1074 3106 to
1096 3042 1151 3104 the
1172 3039 1300 3104 widow.
