3250 5130
687 372 900 446 ‘39:-

311 559 477 640 Quomodo
500 561 676 646 posteriore
699 579 824 642 quoque
846 566 989 643 tempore
1011 558 1149 642 pictores
1172 559 1223 626 his
1252 558 1362 624 formis

224 666 268 730 ad
290 665 388 730 vitam
412 662 603 730 cotidianam
625 661 850 728 illustrandam
872 662 923 726 usi
946 661 1021 744 sint,
1040 682 1117 746 prae
1137 662 1250 728 ceteris
1274 668 1364 745 patet

225 787 265 832 ex
288 766 486 850 Pompeiana
513 767 680 850 tabula*),
716 765 769 830 uhi
794 764 885 828 Paris
910 764 1045 838 ‚iuvenis
1074 766 1163 829 nullo
1193 765 1362 830 distinctus

225 869 317 953 signo
339 877 484 955 apparet,
503 870 601 934 Amor
622 887 742 954 parvus
757 875 866 953 partes
889 869 957 952 agit
979 869 1083 933 nuntii
1104 869 1188 934 inter
1203 869 1361 934 Helenam

224 979 257 1036 et
278 972 402 1052 Parim,
433 992 489 1057 pro
513 973 614 1038 Musis
644 977 753 1037 autem
783 971 866 1036 duae
897 971 1035 1037 feminae
1064 973 1204 1056 (servae)
1232 971 1362 1036 adstant

225 1075 347 1140 fructus
370 1077 554 1141 afferentes.
1341 1095 1343 1098 ·

309 1178 433 1256 Quibus
455 1178 621 1263 expositio,
654 1169 681 1242 s'i
710 1198 794 1243 nunc
823 1179 939 1243 iterum
969 1177 1154 1260 quaerimus
1184 1197 1267 1262 quae
1297 1178 1361 1242 sint

222 1287 287 1346 tres
309 1271 387 1347 illae
414 1283 682 1366 sarcophagorum
712 1281 862 1363 feminae,
889 1281 949 1346 hoc
977 1301 1041 1346 non
1070 1287 1176 1365 potest
1204 1300 1277 1347 0000
1300 1281 1361 1346 du-

223 1383 322 1464 bium,
345 1371 602 1466 quinMusarum
625 1391 680 1450 aut
701 1384 744 1467 (iu
766 1385 852 1467 quod
874 1385 970 1467 longe
993 1390 1043 1449 est
1058 1384 1125 1448 veri
1148 1383 1358 1466 simillimum,

224 1487 374 1570 quoniam
396 1489 519 1570 Musae,
547 1508 629 1570 quae
651 1489 685 1552 iu
707 1487 781 1552 aliis
804 1487 1228 1572 sarcophagis'saepissime
1250 1507 1362 1552 occur-

222 1597 305 1672 runt,
325 1591 420 1656 certis
444 1611 607 1682 semper
629 1591 779 1674 cognosci
795 1597 930 1675 possunt
951 1591 1063 1674 signis]
1085 1591 1268 1656 Gratiarum
1291 1592 1360 1657 loco

225 1693 289 1758 sint
311 1694 445 1778 positae.

309 1797 456 1862 Proxime
472 1798 628 1862 accedunt
651 1797 693 1862 ad
710 1798 806 1862 hasce
829 1797 967 1862 feminas
989 1799 1072 1864 tales
1089 1797 1233 1864 Graecae
1248 1799 1361 1880 quales

186 1923 187 1928 ¹
224 1919 303 1976 vasa
325 1901 481 1984 praebent
496 1901 672 1982 aurata**l,
699 1900 727 1964 si
742 1899 878 1984 respicis
895 1920 966 1966 cum
982 1899 1050 1964 alia
1069 1907 1135 1966 tum
1155 1906 1279 1981 χιτῶνα
1302 1899 1360 1965 do-

224 2001 334 2078 ricum,
361 2003 416 2086 qui
439 2009 579 2085 vocatur,
607 2003 774 2085 crinesque
797 2003 880 2069 nodo
903 2003 1066 2086 religatos,

309 2106 432 2188 Restat,
459 2113 494 2172 ut
515 2126 618 2190 pauca
640 2105 756 2170 addam
781 2105 821 2172 de
843 2106 946 2172 tribus
969 2107 1019 2172 dis
1035 2107 1196 2191 Apolline,
1219 2107 1356 2189 Baccho,

222 2209 390 2290 Mercurio,
416 2229 495 2291 quos
518 2211 641 2275 nullam
664 2209 762 2274 aliam
787 2211 827 2274 ob
851 2229 981 2274 causam
1005 2231 1024 2274 a
1046 2217 1141 2294 poeta
1163 2210 1359 2276 introductos

222 2332 294 2377 esse
317 2312 523 2378 manifestum
547 2320 612 2396 est,
639 2327 735 2396 quam
757 2313 841 2396 quod
864 2314 967 2378 Stella
988 2314 1110 2378 amicus
1133 2320 1298 2398 poetarum
1325 2314 1359 2378 in

222 2437 353 2482 numero
376 2415 563 2494 habebatur,
591 2417 644 2498 qui
667 2417 756 2482 hisce
779 2417 830 2481 dis
845 2417 992 2500 inprimis
1016 2423 1090 2482 sunt
1113 2417 1211 2482 cordi.
1237 2419 1359 2482 Eadem

223 2521 320 2584 etiam
350 2520 391 2585 de
419 2541 531 2600 causa,
566 2520 642 2602 quia
665 2520 768 2585 Stella
797 2521 908 2603 elegos
938 2522 1117 2604 pangebat,
1150 2522 1274 2604 Elegea
1302 2541 1361 2605 per·

224 2623 468 2706 frigidissimam
490 2624 679 2706 allegoriam
702 2631 865 2706 tamquam
882 2624 1008 2690 decima
1023 2625 1116 2690 Musa
1138 2627 1356 2710 apparet***).

222 2727 327 2808 Atque
342 2727 466 2810 Elegea
481 2727 539 2792 illa
554 2727 692 2810 quidem,
712 2727 747 2791 id
762 2727 848 2808 quod
869 2747 933 2792 non
956 2728 1070 2792 mirum
1092 2735 1152 2810 est,
1172 2749 1265 2794 nemo
1288 2750 1360 2794 um-

222 2850 329 2912 quam,
339 2831 395 2913 qui
404 2831 622 2914 sarcophagos
632 2829 719 2912 fecit,
729 2850 807 2895 usus
818 2837 875 2911 est,
890 2830 947 2895 sed
957 2831 1053 2896 etiarn
1062 2831 1187 2916 Apollo,
1199 2831 1355 2914 BacchuS,

222 2934 397 2998 Mercurius
419 2935 453 2998 in
477 2933 685 3017 sarcophagis
711 2935 910 3018 nuptialibus
940 2934 1066 3014 desunt,
1093 2955 1163 3000 curn
1187 2941 1295 3000 tamen
1325 2935 1359 3000 in

222 3037 454 3119 antiquissimis
477 3038 563 3102 vasis
586 3038 620 3102 in
642 3058 760 3123 pompa
785 3039 922 3121 nuptiali
945 3044 1121 3102 occurrant.
1170 3037 1294 3115 Quibus
1318 3038 1359 3104 de

222 3141 309 3205 vasis
332 3161 415 3222 quae
431 3141 492 3205 viri
507 3141 591 3206 docti
615 3141 771 3226 scripsere
779 3145 807 3224 11
828 3142 909 3207 haec
931 3141 1036 3206 haheo
1060 3142 1175 3224 quibus
1198 3162 1353 3224 augeam:

223 3246 335 3327 Neque
357 3246 525 3310 Foerstero
548 3245 789 3311 assentiendum
812 3245 952 3327 est'qui
981 3265 1037 3329 pro
1060 3245 1145 3313 virili
1174 3252 1274 3329 parte,
1302 3245 1359 3310 sed

222 3347 340 3412 frustra
372 3347 570 3430 argumentis
603 3349 737 3432 probare
774 3348 900 3412 laborat
931 3348 1017 3414 Iovis
1054 3353 1086 3413 et
1118 3333 1248 3413 Iunonis
1285 3367 1358 3414 0000
1435 3396 1438 3400 -

222 3451 362 3534 nuptias,
388 3450 537 3533 quoniam
568 3451 675 3516 omnia
705 3451 822 3516 desunt
849 3451 1024 3534 figurarum
1041 3451 1164 3534 signa:
1198 3471 1302 3533 neque
1324 3452 1358 3516 in

222 3553 326 3632 Iahni,
355 3553 525 3635 Gcrhardi,
553 3555 733 3620 Overbecki
760 3555 806 3620 110
835 3573 1005 3639 possumus
1036 3555 1212 3620 sententias
1240 3563 1359 3640 putan-

308 3743 333 3808 *l
353 3744 420 3798 Pitt.
436 3743 464 3796 di
478 3743 558 3797 Herc.
574 3744 616 3808 II,
631 3746 673 3797 25.
705 3744 773 3798 Iahn
782 3787 790 3816 ,
810 3745 873 3798 Ber.
888 3745 915 3798 d.
928 3761 950 3798 s.
961 3744 993 3798 G.
1012 3747 1085 3808 1850,
1105 3746 1152 3812 186
1166 3760 1224 3815 sq.;
1244 3743 1356 3814 Helhig‚

223 3819 386 3888 Wandgem.
412 3823 484 3872 1298.

291 3905 332 3970 **l
353 3907 437 3970 lehn,
459 3909 553 3963 Vasen
573 3925 607 3964 m.
623 3909 783 3964 Goldschm.
805 3909 861 3963 tab.
877 3910 920 3971 ΙΙ,
941 3911 994 3970 i,3
1013 3908 1049 3964 cf.
1070 3907 1188 3963 feminas
1212 3910 1241 3963 in
1259 3909 1358 3963 dextra

221 3993 301 4054 parto
321 3989 437 4038 stantes.

274 4072 334 4137 ***)
355 4073 389 4126 de
408 4072 460 4126 hoc
478 4089 531 4128 usu
549 4077 692 4142 poetarum
712 4075 895 4129 recentiorum
914 4075 973 4142 egit
991 4074 1116 4142 Purgold
1138 4075 1158 4127 l.
1170 4090 1193 4128 0.
1216 4075 1248 4125 89
1261 4089 1303 4143 sq.

307 4161 334 4222 †l
357 4157 391 4212 cf.
407 4158 490 4222 Iahn,
505 4159 590 4214 Arch.
605 4159 687 4214 Aufs.
708 4162 740 4210 92
755 4175 797 4230 sq.
834 4159 974 4223 Gerhard,
995 4161 1075 4214 A.V.
1092 4161 1241 4212 aro-315
1254 4162 1354 4226 01326,

221 4237 271 4298 IV,
285 4239 316 4288 81
332 4251 388 4304 sq.;
409 4237 548 4299 Foerster,
569 4237 624 4290 Die
637 4237 774 4292 Hochzeit
792 4238 820 4292 d.
836 4238 907 4292 Zeus
926 4254 954 4290 u.
969 4238 996 4291 d.
1009 4237 1084 4292 Hera
1104 4235 1357 4298 (Wiuchelmanns-

222 4329 312 4381 progr.
341 4315 467 4377 Breslau)
489 4331 516 4382 p.
531 4316 562 4364 27
577 4329 636 4383 sq.;
663 4313 823 4379 Ouerbeck‚
844 4315 880 4369 K.
895 4314 931 4368 M.
953 4315 995 4368 Ill
1027 4318 1130 4383 lsstsq.
