3250 5130
777 403 1117 490 kaeu·

318 623 352 681 ut
373 616 419 680 ita
441 615 562 696 dicam,
589 615 806 703 βαυκάλημα,
833 636 904 680 eum
928 616 1051 682 Statius
1074 616 1229 682 Lucinam
1251 617 1353 684 solam
1376 639 1451 702 pre-

317 724 408 784 catus
431 719 472 784 de
494 725 588 804 partu
610 719 693 785 iusto
715 711 789 806 plus
811 720 959 802 loquatur
981 718 1067 786 nude
1090 721 1278 803 acerbeque.

401 821 638 888 Nihilominus
662 823 744 889 stati
772 843 902 888 carmen
925 829 957 888 et
978 823 1125 888 omnibus
1154 824 1340 908 posterioris
1369 831 1450 892 tem-

315 925 402 1010 poris
426 927 643 1010 epithalamiis
666 926 751 1008 quod
773 926 972 1012 praeferatur
995 926 1128 1008 dignum
1152 933 1255 993 estet
1280 928 1364 994 inter
1394 928 1449 994 sil-

315 1049 427 1093 varum
451 1031 592 1095 carmina
613 1029 700 1095 haud
723 1029 936 1115 spernendum
959 1035 1093 1112 occupat
1115 1030 1230 1112 locum,
1257 1051 1450 1114 quamquam

315 1132 517 1198 nullomodo
540 1154 580 1198 ea
600 1138 689 1199 floret
703 1132 900 1199 iucunditate
924 1139 1056 1215 arteque
1078 1131 1446 1219 perfecta'depingendi,

315 1236 354 1301 ob
378 1255 473 1316 quam
496 1237 592 1301 etiam
615 1241 781 1320 poetarum
795 1242 972 1302 nostrorum
995 1235 1145 1320 princeps
1167 1235 1265 1302 istum
1288 1237 1450 1304 versifica-

315 1342 414 1402 torem
441 1359 547 1404 ooram
569 1339 697 1405 Handio
727 1338 858 1404 laudare
880 1358 944 1404 non
968 1337 1175 1424 dubitaris).
1222 1339 1288 1405 Sed
1310 1340 1345 1406 id
1366 1341 1450 1425 quod

315 1459 473 1506 summum
503 1447 568 1524 est,
601 1462 642 1507 ex
676 1443 737 1507 hoc
772 1440 979 1526 epithalamio
1014 1441 1266 1508 luculentissime
1303 1449 1446 1527 apparet,

314 1544 471 1626 quomodo
494 1545 639 1611 homines
653 1545 776 1612 ‘aetatis
799 1565 877 1612 suae
890 1545 1023 1630 nuptias
1039 1545 1195 1612 celebrari
1210 1546 1378 1627 voluerint,
1404 1547 1450 1612 ita

316 1653 349 1711 ut
378 1651 464 1713 recte
490 1649 651 1713 Brunnius
681 1648 742 1714 hac
775 1648 887 1732 ecloga
914 1648 947 1713 in
977 1648 1218 1733 interpretando
1248 1649 1447 1733 sarcophago

200 1751 207 1770 '
313 1750 550 1816 Monticelliano
576 1772 661 1817 nunc
684 1751 920 1836 Petropolitano
950 1771 1028 1817 usus
1064 1751 1173 1836 sit**).
1227 1753 1376 1836 Namque
1403 1751 1449 1818 ita

312 1854 525 1938 prosperrime
547 1875 598 1920 res
614 1855 707 1921 nobis
730 1853 826 1936 cedit,
846 1855 874 1920 si
897 1855 1021 1935 acriter,
1041 1861 1076 1920 ut
1097 1855 1327 1939 archaeologos
1343 1855 1444 1936 decet,

313 1964 517 2023 monumenta
538 1958 739 2042 interpretati
761 1958 804 2023 ad
826 1957 942 2024 melius
957 1958 1223 2042 cognoscendum,
1238 1979 1332 2042 ‚quae
1354 1958 1449 2024 fuerit

312 2061 400 2126 illius
423 2061 538 2127 aetatis
562 2061 725 2146 cogitandi
741 2061 931 2144 dicendique
947 2061 1039 2138 ratio,
1059 2061 1101 2127 ad
1116 2062 1285 2146 scriptores
1308 2061 1448 2146 sugimus

313 2165 354 2230 ab
369 2164 434 2229 illis
449 2165 643 2249 temporibus
666 2186 730 2230 non
753 2165 885 2230 multum
902 2172 1047 2232 remotos.
1076 2165 1168 2243 Quod
1182 2186 1202 2230 a
1217 2165 1358 2230 Brunnio
1381 2186 1449 2230 mo

311 2268 413 2332 nitum
437 2267 595 2349 certisque
619 2268 794 2332 stabilitum
810 2269 968 2351 exemplis
984 2268 1176 2351 Purgoldius
1195 2288 1267 2333 cum
1290 2287 1448 2334 summurn

313 2377 499 2453 sequeretur
520 2377 776 2454 praeceptorem,
804 2369 923 2453 optimo
947 2390 1017 2434 cum
1040 2368 1144 2434 fructu
1167 2369 1349 2453 insignique
1376 2391 1447 2436 eum

312 2473 476 2555 elegantia
497 2473 530 2537 in
553 2473 663 2538 libello
678 2473 744 2554 illo,
764 2493 858 2554 quem
881 2492 979 2557 supra
993 2471 1135 2554 laudavi,
1161 2470 1319 2537 adhibuit.
1360 2471 1448 2550 Quo-

311 2577 541 2640 rumvirorum
572 2597 613 2641 ex
642 2595 741 2660 opera
770 2595 963 2658 quamquam
992 2575 1089 2640 etiam
1118 2575 1160 2640 ad
1189 2573 1272 2640 hanc
1302 2576 1446 2659 eclogam

312 2678 435 2762 aliquid
455 2677 655 2762 redundavit,
682 2684 788 2743 tamen
811 2676 899 2743 haud
922 2697 1025 2766 pauca
1047 2683 1228 2760 supersunt,
1248 2697 1330 2760 quae
1353 2699 1449 2744 accu-

312 2788 380 2847 rate
402 2788 579 2847 tractentur
601 2801 735 2847 neccsse
758 2788 821 2864 est,
854 2781 1043 2866 praesertim
1066 2801 1138 2846 cum
1160 2781 1443 2867 Rossbachius***)

312 2905 379 2950 rem
401 2905 464 2952 non
487 2885 557 2950 dico
581 2885 622 2950 ad
653 2891 773 2950 certum
801 2906 865 2951 non
895 2884 1082 2969 perduxerit
1109 2884 1221 2966 finem,
1248 2884 1307 2950 sed
1333 2905 1374 2951 nc
1402 2885 1449 2952 ita

310 2986 440 3070 quidem
456 2987 650 3069 tractaverit,
674 2994 709 3053 ut
732 2987 935 3072 archaeologi
951 2993 1001 3054 cst
1021 2987 1064 3073 (id
1086 2987 1172 3071 quod
1192 2988 1257 3052 iam
1272 2989 1444 3070 Brunnius,

311 3091 525 3174 Sttzaapshcr.
565 3092 588 3156 l.
615 3112 641 3157 o.
678 3091 818 3175 graviter
850 3091 996 3176 monuit).
1051 3091 1198 3175 Namque
1229 3090 1449 3157 Rossbachius
1565 3097 1570 3106 “

311 3195 373 3259 etsi
401 3193 615 3278 sarcophagos
644 3194 686 3259 ad
717 3195 846 3280 nuptias
869 3195 1065 3280 pertinentes
1089 3194 1261 3278 diligenter
1289 3195 1450 3278 congessit

224 3301 228 3308 ’
310 3303 405 3380 atque
428 3298 462 3362 in
484 3317 557 3372 eum
586 3299 712 3381 redegit
734 3299 898 3385 ordinem,
916 3299 968 3365 cui
997 3297 1239 3363 idumaeum
1269 3297 1449 3364 assentien-

310 3400 387 3466 dum
416 3407 479 3483 est,
520 3406 627 3467 tamen
652 3402 712 3474 ,ubi
749 3402 907 3487 exemplis
938 3401 1155 3467 demonstrare
1186 3402 1256 3466 vult
1284 3402 1447 3468 Romanae

310 3505 388 3570 artis
417 3505 583 3590 interpreti
607 3505 731 3572 Graeca
762 3506 959 3591 exemplaria
992 3525 1118 3591 semper
1147 3505 1331 3572 adhibenda
1361 3524 1443 3587 esse,

310 3607 424 3672 mirum
448 3597 601 3690 quantum
623 3628 779 3694 persaepe
802 3610 984 3702 aberravit.¹
1021 3610 1235 3688 Quamobrem
1265 3607 1447 3693 perquirere

309 3711 341 3775 in
365 3710 470 3776 animo
501 3717 567 3794 est,
603 3712 760 3793 quomodo
784 3713 1062 3779 Graeci'artifices
1092 3712 1223 3796 nuptias
1253 3710 1443 3792 effinxerint,

309 3834 371 3897 quo
407 3814 510 3880 edocti
540 3812 718 3882 diiudicare
753 3817 913 3902 possimus
942 3816 976 3882 in
1009 3811 1217 3900 sarcophagis
1250 3813 1447 3899 nuptialibus

396 4091 420 4157 *l
442 4089 577 4145 Hercules
595 4090 789 4159 Epitrapezios
809 4090 995 4148 odilardus
1013 4107 1039 4159 p.
1051 4091 1075 4142 7.
1114 4091 1117 4100 ¹

380 4176 422 4241 *11
443 4175 545 4231 Annali
565 4176 627 4230 dell'
640 4176 705 4232 inst.
724 4178 798 4242 1814,
822 4178 870 4227 194
882 4191 941 4245 sq.;
963 4173 1001 4229 cf.
1016 4175 1209 4244 Sitaungsber.
1224 4176 1250 4229 d.
1265 4173 1333 4229 bair.
1349 4169 1443 4227 Akad.

313 4265 387 4325 1875,
407 4263 435 4329 I,
458 4265 489 4315 16
503 4277 563 4332 sq,
584 4262 710 4330 Purgold
729 4263 746 4316 l.
759 4280 783 4318 c.
799 4264 830 4314 78
844 4277 885 4332 sq.

362 4348 421 4414 111)
441 4349 522 4405 Rbm.
538 4349 711 4404 Hochaeits-
724 4365 751 4404 u.
765 4347 999 4404 Ehedenkmiiler.
