<?xml version="1.0" encoding="UTF-8"?>
<!DOCTYPE html PUBLIC "-//W3C//DTD XHTML 1.0 Transitional//EN"
    "http://www.w3.org/TR/xhtml1/DTD/xhtml1-transitional.dtd">
<html xmlns="http://www.w3.org/1999/xhtml" xml:lang="en" lang="en">
 <head>
  <title>
</title>
<meta http-equiv="Content-Type" content="text/html;charset=utf-8" />
  <meta name='ocr-system' content='tesseract 3.04.00' />
  <meta name='ocr-capabilities' content='ocr_page ocr_carea ocr_par ocr_line ocrx_word'/>
</head>
<body>
  <div class='ocr_page' id='page_1' title='image "./statiepithalami00statgoog_0036.png"; bbox 0 0 3250 5130; ppageno 0'>
   <div class='ocr_carea' id='block_1_1' title="bbox 685 405 900 464">
    <p class='ocr_par' dir='ltr' id='par_1_1' title="bbox 685 405 900 464">
     <span class='ocr_line' id='line_1_1' title="bbox 685 405 900 464; baseline 0 -16"><span class='ocrx_word' id='word_1_1' title='bbox 685 405 900 464; x_wconf 44' lang='lat'>„252-</span> 
     </span>
    </p>
   </div>
   <div class='ocr_carea' id='block_1_2' title="bbox 222 589 1361 1293">
    <p class='ocr_par' dir='ltr' id='par_1_2' title="bbox 222 589 1361 1293">
     <span class='ocr_line' id='line_1_2' title="bbox 223 589 1361 675; baseline -0.002 -19"><span class='ocrx_word' id='word_1_2' title='bbox 223 591 344 673; x_wconf 84' lang='lat' dir='ltr'>sentia,</span> <span class='ocrx_word' id='word_1_3' title='bbox 372 591 511 655; x_wconf 82' lang='lat' dir='ltr'>Statiani</span> <span class='ocrx_word' id='word_1_4' title='bbox 535 589 735 675; x_wconf 83' lang='lat' dir='ltr'>epithalamii</span> <span class='ocrx_word' id='word_1_5' title='bbox 757 591 876 656; x_wconf 77' lang='lat' dir='ltr'>illustri</span> <span class='ocrx_word' id='word_1_6' title='bbox 898 591 1046 674; x_wconf 84' lang='lat' dir='ltr'>exemplo</span> <span class='ocrx_word' id='word_1_7' title='bbox 1070 591 1213 654; x_wconf 86' lang='lat' dir='ltr'>stabilita</span> <span class='ocrx_word' id='word_1_8' title='bbox 1235 589 1361 655; x_wconf 84' lang='lat' dir='ltr'>videtur</span> 
     </span>
     <span class='ocr_line' id='line_1_3' title="bbox 222 692 1359 778; baseline -0.001 -20"><span class='ocrx_word' id='word_1_9' title='bbox 222 701 318 776; x_wconf 90' lang='lat' dir='ltr'>atque</span> <span class='ocrx_word' id='word_1_10' title='bbox 341 699 453 759; x_wconf 88' lang='lat' dir='ltr'>saneta</span> <span class='ocrx_word' id='word_1_11' title='bbox 468 712 550 759; x_wconf 89' lang='lat' dir='ltr'>esse.</span> <span class='ocrx_word' id='word_1_12' title='bbox 587 692 785 758; x_wconf 81' lang='lat' dir='ltr'>Claudianus</span> <span class='ocrx_word' id='word_1_13' title='bbox 808 699 894 758; x_wconf 91' lang='lat' dir='ltr'>certe</span> <span class='ocrx_word' id='word_1_14' title='bbox 914 694 1020 778; x_wconf 85' lang='lat' dir='ltr'>(carm.</span> <span class='ocrx_word' id='word_1_15' title='bbox 1040 693 1084 756; x_wconf 89' lang='lat' dir='ltr'>X.</span> <span class='ocrx_word' id='word_1_16' title='bbox 1102 693 1225 775; x_wconf 79' lang='lat' dir='ltr'>XXXI)</span> <span class='ocrx_word' id='word_1_17' title='bbox 1253 699 1285 758; x_wconf 89' lang='lat' dir='ltr'>et</span> <span class='ocrx_word' id='word_1_18' title='bbox 1307 693 1359 757; x_wconf 89' lang='lat' dir='ltr'>Si-</span> 
     </span>
     <span class='ocr_line' id='line_1_4' title="bbox 223 795 1360 882; baseline -0.003 -19"><span class='ocrx_word' id='word_1_19' title='bbox 223 797 338 863; x_wconf 85' lang='lat' dir='ltr'>donius</span> <span class='ocrx_word' id='word_1_20' title='bbox 357 797 466 880; x_wconf 88' lang='lat' dir='ltr'>(earm.</span> <span class='ocrx_word' id='word_1_21' title='bbox 484 797 589 882; x_wconf 80' lang='lat' dir='ltr'>XI)*),</span> <span class='ocrx_word' id='word_1_22' title='bbox 615 796 807 863; x_wconf 80' lang='lat' dir='ltr'>Dracontius</span> <span class='ocrx_word' id='word_1_23' title='bbox 830 817 927 861; x_wconf 88' lang='lat' dir='ltr'>carm.</span> <span class='ocrx_word' id='word_1_24' title='bbox 949 797 1173 876; x_wconf 88' lang='lat' dir='ltr'>min.VI.VII,</span> <span class='ocrx_word' id='word_1_25' title='bbox 1200 795 1360 860; x_wconf 86' lang='lat' dir='ltr'>Luxorius</span> 
     </span>
     <span class='ocr_line' id='line_1_5' title="bbox 222 899 1359 984; baseline 0 -21"><span class='ocrx_word' id='word_1_26' title='bbox 222 900 370 984; x_wconf 85' lang='lat' dir='ltr'>·(Anthol.</span> <span class='ocrx_word' id='word_1_27' title='bbox 388 901 460 964; x_wconf 88' lang='lat' dir='ltr'>Lat.</span> <span class='ocrx_word' id='word_1_28' title='bbox 487 901 525 963; x_wconf 89' lang='lat' dir='ltr'>R.</span> <span class='ocrx_word' id='word_1_29' title='bbox 544 903 701 983; x_wconf 77' lang='grc'><strong>66-68)</strong></span> <span class='ocrx_word' id='word_1_30' title='bbox 732 901 817 964; x_wconf 90' lang='lat' dir='ltr'>hune</span> <span class='ocrx_word' id='word_1_31' title='bbox 846 901 949 965; x_wconf 87' lang='lat' dir='ltr'>secuti</span> <span class='ocrx_word' id='word_1_32' title='bbox 980 906 1054 964; x_wconf 86' lang='lat' dir='ltr'>sunt</span> <span class='ocrx_word' id='word_1_33' title='bbox 1083 919 1214 965; x_wconf 89' lang='lat' dir='ltr'>morem.</span> <span class='ocrx_word' id='word_1_34' title='bbox 1264 899 1359 964; x_wconf 90' lang='lat' dir='ltr'>Solus</span> 
     </span>
     <span class='ocr_line' id='line_1_6' title="bbox 222 985 1359 1087; baseline 0.001 -20"><span class='ocrx_word' id='word_1_35' title='bbox 222 985 374 1068; x_wconf 79' lang='lat' dir='ltr'>Laurenti</span> <span class='ocrx_word' id='word_1_36' title='bbox 404 1003 603 1087; x_wconf 84' lang='lat' dir='ltr'>epithalamii</span> <span class='ocrx_word' id='word_1_37' title='bbox 633 1010 743 1069; x_wconf 91' lang='lat' dir='ltr'>auctor</span> <span class='ocrx_word' id='word_1_38' title='bbox 772 1003 912 1085; x_wconf 86' lang='lat' dir='ltr'>aliquam</span> <span class='ocrx_word' id='word_1_39' title='bbox 939 1003 973 1067; x_wconf 94' lang='lat' dir='ltr'>in</span> <span class='ocrx_word' id='word_1_40' title='bbox 995 1009 1120 1087; x_wconf 90' lang='lat' dir='ltr'>partem</span> <span class='ocrx_word' id='word_1_41' title='bbox 1147 1003 1242 1068; x_wconf 88' lang='lat' dir='ltr'>rebus</span> <span class='ocrx_word' id='word_1_42' title='bbox 1265 1003 1359 1068; x_wconf 85' lang='lat' dir='ltr'>fabu-</span> 
     </span>
     <span class='ocr_line' id='line_1_7' title="bbox 222 1105 1359 1189; baseline -0.002 -18"><span class='ocrx_word' id='word_1_43' title='bbox 222 1107 301 1172; x_wconf 89' lang='lat' dir='ltr'>losis</span> <span class='ocrx_word' id='word_1_44' title='bbox 331 1108 365 1170; x_wconf 86' lang='lat' dir='ltr'>se</span> <span class='ocrx_word' id='word_1_45' title='bbox 395 1106 550 1172; x_wconf 80' lang='lat' dir='ltr'>abstinuit</span> <span class='ocrx_word' id='word_1_46' title='bbox 579 1113 675 1189; x_wconf 89' lang='lat' dir='ltr'>atque</span> <span class='ocrx_word' id='word_1_47' title='bbox 697 1125 765 1186; x_wconf 88' lang='lat' dir='ltr'>res,</span> <span class='ocrx_word' id='word_1_48' title='bbox 791 1112 827 1170; x_wconf 95' lang='lat' dir='ltr'>ut</span> <span class='ocrx_word' id='word_1_49' title='bbox 856 1112 938 1186; x_wconf 92' lang='lat' dir='ltr'>sunt,</span> <span class='ocrx_word' id='word_1_50' title='bbox 965 1105 1152 1189; x_wconf 87' lang='lat' dir='ltr'>simpliciter</span> <span class='ocrx_word' id='word_1_51' title='bbox 1178 1125 1281 1188; x_wconf 90' lang='lat' dir='ltr'>neque</span> <span class='ocrx_word' id='word_1_52' title='bbox 1307 1105 1359 1169; x_wconf 93' lang='lat' dir='ltr'>in-</span> 
     </span>
     <span class='ocr_line' id='line_1_8' title="bbox 222 1209 1360 1293; baseline -0.003 -18"><span class='ocrx_word' id='word_1_53' title='bbox 222 1211 389 1293; x_wconf 82' lang='lat' dir='ltr'>eleganter</span> <span class='ocrx_word' id='word_1_54' title='bbox 418 1211 577 1275; x_wconf 87' lang='lat' dir='ltr'>traetavit.</span> <span class='ocrx_word' id='word_1_55' title='bbox 624 1209 727 1287; x_wconf 84' lang='lat' dir='ltr'>Quam</span> <span class='ocrx_word' id='word_1_56' title='bbox 754 1230 830 1276; x_wconf 89' lang='lat' dir='ltr'>vero</span> <span class='ocrx_word' id='word_1_57' title='bbox 864 1215 929 1275; x_wconf 87' lang='lat' dir='ltr'>toto</span> <span class='ocrx_word' id='word_1_58' title='bbox 958 1209 1048 1275; x_wconf 90' lang='lat' dir='ltr'>caelo</span> <span class='ocrx_word' id='word_1_59' title='bbox 1077 1209 1158 1274; x_wconf 88' lang='lat' dir='ltr'>haec</span> <span class='ocrx_word' id='word_1_60' title='bbox 1185 1209 1360 1274; x_wconf 88' lang='lat' dir='ltr'>artificiosa</span> 
     </span>
    </p>
   </div>
   <div class='ocr_carea' id='block_1_3' title="bbox 222 1311 1475 1397">
    <p class='ocr_par' dir='ltr' id='par_1_3' title="bbox 222 1311 1475 1397">
     <span class='ocr_line' id='line_1_9' title="bbox 222 1311 1475 1397; baseline -0.001 -21"><span class='ocrx_word' id='word_1_61' title='bbox 222 1313 385 1378; x_wconf 85' lang='lat' dir='ltr'>artificiosi</span> <span class='ocrx_word' id='word_1_62' title='bbox 412 1313 565 1397; x_wconf 87' lang='lat' dir='ltr'>temporis</span> <span class='ocrx_word' id='word_1_63' title='bbox 589 1313 730 1377; x_wconf 89' lang='lat' dir='ltr'>carmina</span> <span class='ocrx_word' id='word_1_64' title='bbox 752 1312 903 1378; x_wconf 86' lang='lat' dir='ltr'>differant</span> <span class='ocrx_word' id='word_1_65' title='bbox 925 1313 965 1376; x_wconf 91' lang='lat' dir='ltr'>ab</span> <span class='ocrx_word' id='word_1_66' title='bbox 989 1311 1183 1376; x_wconf 85' lang='lat' dir='ltr'>carminibus</span> <span class='ocrx_word' id='word_1_67' title='bbox 1207 1311 1358 1395; x_wconf 84' lang='lat' dir='ltr'>Sapphus</span> <span class='ocrx_word' id='word_1_68' title='bbox 1471 1355 1475 1364; x_wconf 85' lang='lat'>-</span> 
     </span>
    </p>
   </div>
   <div class='ocr_carea' id='block_1_4' title="bbox 221 1415 1357 1706">
    <p class='ocr_par' dir='ltr' id='par_1_4' title="bbox 221 1415 1357 1706">
     <span class='ocr_line' id='line_1_10' title="bbox 226 1415 1354 1499; baseline 0 -19"><span class='ocrx_word' id='word_1_69' title='bbox 226 1416 389 1499; x_wconf 88' lang='lat' dir='ltr'>(quantum</span> <span class='ocrx_word' id='word_1_70' title='bbox 404 1437 463 1481; x_wconf 91' lang='lat' dir='ltr'>nos</span> <span class='ocrx_word' id='word_1_71' title='bbox 479 1416 608 1498; x_wconf 91' lang='lat' dir='ltr'>quidem</span> <span class='ocrx_word' id='word_1_72' title='bbox 624 1435 665 1480; x_wconf 83' lang='lat' dir='ltr'>ex</span> <span class='ocrx_word' id='word_1_73' title='bbox 682 1416 793 1482; x_wconf 84' lang='lat' dir='ltr'>frustis</span> <span class='ocrx_word' id='word_1_74' title='bbox 808 1417 886 1481; x_wconf 80' lang='lat' dir='ltr'>heu!</span> <span class='ocrx_word' id='word_1_75' title='bbox 913 1415 1100 1481; x_wconf 87' lang='lat' dir='ltr'>miserrimis</span> <span class='ocrx_word' id='word_1_76' title='bbox 1116 1415 1233 1480; x_wconf 88' lang='lat' dir='ltr'>elicere</span> <span class='ocrx_word' id='word_1_77' title='bbox 1255 1415 1354 1497; x_wconf 89' lang='lat' dir='ltr'>licet),</span> 
     </span>
     <span class='ocr_line' id='line_1_11' title="bbox 222 1517 1357 1603; baseline -0.002 -20"><span class='ocrx_word' id='word_1_78' title='bbox 222 1518 383 1584; x_wconf 81' lang='lat' dir='ltr'>Theocriti</span> <span class='ocrx_word' id='word_1_79' title='bbox 410 1519 554 1603; x_wconf 82' lang='lat' dir='ltr'>(XVIII),</span> <span class='ocrx_word' id='word_1_80' title='bbox 582 1519 702 1584; x_wconf 82' lang='lat' dir='ltr'>catulli</span> <span class='ocrx_word' id='word_1_81' title='bbox 729 1519 791 1598; x_wconf 85' lang='grc'><strong>(61.</strong></span> <span class='ocrx_word' id='word_1_82' title='bbox 811 1522 862 1582; x_wconf 82' lang='lat'>62.</span> <span class='ocrx_word' id='word_1_83' title='bbox 883 1521 949 1602; x_wconf 83' lang='grc'>64),</span> <span class='ocrx_word' id='word_1_84' title='bbox 975 1523 1112 1601; x_wconf 81' lang='lat' dir='ltr'>magnae</span> <span class='ocrx_word' id='word_1_85' title='bbox 1134 1517 1272 1583; x_wconf 87' lang='lat' dir='ltr'>Lesbiae</span> <span class='ocrx_word' id='word_1_86' title='bbox 1295 1539 1357 1583; x_wconf 91' lang='lat' dir='ltr'>non</span> 
     </span>
     <span class='ocr_line' id='line_1_12' title="bbox 221 1622 1356 1706; baseline -0.001 -19"><span class='ocrx_word' id='word_1_87' title='bbox 221 1623 323 1687; x_wconf 92' lang='lat' dir='ltr'>solum</span> <span class='ocrx_word' id='word_1_88' title='bbox 334 1622 513 1704; x_wconf 86' lang='lat' dir='ltr'>imitatoris,</span> <span class='ocrx_word' id='word_1_89' title='bbox 530 1622 587 1688; x_wconf 91' lang='lat' dir='ltr'>sed</span> <span class='ocrx_word' id='word_1_90' title='bbox 598 1622 759 1688; x_wconf 91' lang='lat' dir='ltr'>interdum</span> <span class='ocrx_word' id='word_1_91' title='bbox 771 1623 901 1703; x_wconf 89' lang='lat' dir='ltr'>aemuli,</span> <span class='ocrx_word' id='word_1_92' title='bbox 918 1641 969 1688; x_wconf 89' lang='lat' dir='ltr'>res</span> <span class='ocrx_word' id='word_1_93' title='bbox 984 1622 1148 1706; x_wconf 90' lang='lat' dir='ltr'>nuptiales</span> <span class='ocrx_word' id='word_1_94' title='bbox 1163 1623 1248 1686; x_wconf 90' lang='lat' dir='ltr'>laeto</span> <span class='ocrx_word' id='word_1_95' title='bbox 1260 1628 1356 1704; x_wconf 90' lang='lat' dir='ltr'>atque</span> 
     </span>
    </p>
   </div>
   <div class='ocr_carea' id='block_1_5' title="bbox 220 1725 1453 1810">
    <p class='ocr_par' dir='ltr' id='par_1_5' title="bbox 220 1725 1453 1810">
     <span class='ocr_line' id='line_1_13' title="bbox 220 1725 1453 1810; baseline 0.001 -21"><span class='ocrx_word' id='word_1_96' title='bbox 220 1725 308 1789; x_wconf 90' lang='lat' dir='ltr'>vario</span> <span class='ocrx_word' id='word_1_97' title='bbox 330 1725 454 1808; x_wconf 90' lang='lat' dir='ltr'>ingenii</span> <span class='ocrx_word' id='word_1_98' title='bbox 482 1725 652 1809; x_wconf 88' lang='lat' dir='ltr'>splendore</span> <span class='ocrx_word' id='word_1_99' title='bbox 681 1725 912 1792; x_wconf 82' lang='lat' dir='ltr'>celebrantium</span> <span class='ocrx_word' id='word_1_100' title='bbox 933 1764 977 1773; x_wconf 95' lang='lat'>—</span> <span class='ocrx_word' id='word_1_101' title='bbox 999 1725 1059 1790; x_wconf 93' lang='lat' dir='ltr'>hoc</span> <span class='ocrx_word' id='word_1_102' title='bbox 1081 1725 1210 1808; x_wconf 90' lang='lat' dir='ltr'>quidem</span> <span class='ocrx_word' id='word_1_103' title='bbox 1235 1745 1293 1810; x_wconf 92' lang='lat' dir='ltr'>per</span> <span class='ocrx_word' id='word_1_104' title='bbox 1321 1745 1357 1790; x_wconf 88' lang='lat' dir='ltr'>se</span> <span class='ocrx_word' id='word_1_105' title='bbox 1448 1745 1453 1754; x_wconf 91' lang='lat'><em>·</em></span> 
     </span>
    </p>
   </div>
   <div class='ocr_carea' id='block_1_6' title="bbox 218 1828 1365 2946">
    <p class='ocr_par' dir='ltr' id='par_1_6' title="bbox 219 1828 1358 2324">
     <span class='ocr_line' id='line_1_14' title="bbox 220 1828 1358 1912; baseline -0.001 -19"><span class='ocrx_word' id='word_1_106' title='bbox 220 1829 436 1912; x_wconf 87' lang='lat' dir='ltr'>perspicuum,</span> <span class='ocrx_word' id='word_1_107' title='bbox 464 1828 521 1893; x_wconf 89' lang='lat' dir='ltr'>sed</span> <span class='ocrx_word' id='word_1_108' title='bbox 542 1835 578 1894; x_wconf 90' lang='lat' dir='ltr'>ut</span> <span class='ocrx_word' id='word_1_109' title='bbox 599 1829 703 1912; x_wconf 90' lang='lat' dir='ltr'>magis</span> <span class='ocrx_word' id='word_1_110' title='bbox 726 1829 827 1895; x_wconf 88' lang='lat' dir='ltr'>oculis</span> <span class='ocrx_word' id='word_1_111' title='bbox 857 1829 1042 1909; x_wconf 87' lang='lat' dir='ltr'>subiciatur,</span> <span class='ocrx_word' id='word_1_112' title='bbox 1068 1848 1154 1894; x_wconf 91' lang='lat' dir='ltr'>nune</span> <span class='ocrx_word' id='word_1_113' title='bbox 1182 1849 1244 1912; x_wconf 88' lang='lat' dir='ltr'>age</span> <span class='ocrx_word' id='word_1_114' title='bbox 1271 1849 1358 1894; x_wconf 90' lang='lat' dir='ltr'>cem-</span> 
     </span>
     <span class='ocr_line' id='line_1_15' title="bbox 219 1931 1357 2016; baseline 0 -20"><span class='ocrx_word' id='word_1_115' title='bbox 219 1949 368 2015; x_wconf 88' lang='lat' dir='ltr'>paremus</span> <span class='ocrx_word' id='word_1_116' title='bbox 384 1931 545 1998; x_wconf 83' lang='lat' dir='ltr'>Theocriti</span> <span class='ocrx_word' id='word_1_117' title='bbox 567 1931 611 1996; x_wconf 92' lang='lat' dir='ltr'>id.</span> <span class='ocrx_word' id='word_1_118' title='bbox 630 1933 750 2014; x_wconf 89' lang='lat' dir='ltr'>XVIII,</span> <span class='ocrx_word' id='word_1_119' title='bbox 770 1934 855 2016; x_wconf 91' lang='lat' dir='ltr'>quod</span> <span class='ocrx_word' id='word_1_120' title='bbox 876 1939 951 1998; x_wconf 91' lang='lat' dir='ltr'>ante</span> <span class='ocrx_word' id='word_1_121' title='bbox 970 1933 1104 1998; x_wconf 91' lang='lat' dir='ltr'>thalami</span> <span class='ocrx_word' id='word_1_122' title='bbox 1126 1933 1221 2015; x_wconf 89' lang='lat' dir='ltr'>fores,</span> <span class='ocrx_word' id='word_1_123' title='bbox 1241 1933 1357 2015; x_wconf 90' lang='lat' dir='ltr'>quibus</span> 
     </span>
     <span class='ocr_line' id='line_1_16' title="bbox 219 2035 1356 2119; baseline 0.002 -21"><span class='ocrx_word' id='word_1_124' title='bbox 219 2035 345 2100; x_wconf 88' lang='lat' dir='ltr'>Helena</span> <span class='ocrx_word' id='word_1_125' title='bbox 374 2041 407 2100; x_wconf 89' lang='lat' dir='ltr'>et</span> <span class='ocrx_word' id='word_1_126' title='bbox 429 2035 595 2101; x_wconf 90' lang='lat' dir='ltr'>Menelaus</span> <span class='ocrx_word' id='word_1_127' title='bbox 624 2035 841 2116; x_wconf 90' lang='lat' dir='ltr'>includuntur,</span> <span class='ocrx_word' id='word_1_128' title='bbox 871 2036 1014 2119; x_wconf 85' lang='lat' dir='ltr'>virgines</span> <span class='ocrx_word' id='word_1_129' title='bbox 1044 2042 1178 2115; x_wconf 85' lang='lat' dir='ltr'>canunt,</span> <span class='ocrx_word' id='word_1_130' title='bbox 1211 2036 1356 2101; x_wconf 88' lang='lat' dir='ltr'>Helenae</span> 
     </span>
     <span class='ocr_line' id='line_1_17' title="bbox 220 2133 1357 2224; baseline 0.002 -22"><span class='ocrx_word' id='word_1_131' title='bbox 220 2133 354 2218; x_wconf 84' lang='lat' dir='ltr'>amicae,</span> <span class='ocrx_word' id='word_1_132' title='bbox 386 2159 459 2204; x_wconf 90' lang='lat' dir='ltr'>oum</span> <span class='ocrx_word' id='word_1_133' title='bbox 490 2145 634 2204; x_wconf 85' lang='lat' dir='ltr'>extrema</span> <span class='ocrx_word' id='word_1_134' title='bbox 656 2139 794 2204; x_wconf 86' lang='lat' dir='ltr'>Statiani</span> <span class='ocrx_word' id='word_1_135' title='bbox 822 2139 973 2205; x_wconf 87' lang='lat' dir='ltr'>carminis</span> <span class='ocrx_word' id='word_1_136' title='bbox 1002 2145 1104 2224; x_wconf 85' lang='lat' dir='ltr'>parte,</span> <span class='ocrx_word' id='word_1_137' title='bbox 1131 2159 1229 2221; x_wconf 89' lang='lat' dir='ltr'>quam</span> <span class='ocrx_word' id='word_1_138' title='bbox 1258 2158 1357 2222; x_wconf 91' lang='lat' dir='ltr'>supra</span> 
     </span>
     <span class='ocr_line' id='line_1_18' title="bbox 220 2239 1091 2324; baseline 0 -20"><span class='ocrx_word' id='word_1_139' title='bbox 220 2239 462 2324; x_wconf 89' lang='lat' dir='ltr'>epithalamium</span> <span class='ocrx_word' id='word_1_140' title='bbox 484 2241 659 2307; x_wconf 89' lang='lat' dir='ltr'>nominavi.</span> <span class='ocrx_word' id='word_1_141' title='bbox 774 2297 775 2302; x_wconf 65' lang='grc'>,</span> <span class='ocrx_word' id='word_1_142' title='bbox 1089 2297 1091 2304; x_wconf 95' lang='grc'>.</span> 
     </span>
    </p>

    <p class='ocr_par' dir='ltr' id='par_1_7' title="bbox 218 2343 1365 2946">
     <span class='ocr_line' id='line_1_19' title="bbox 306 2343 1356 2430; baseline 0.004 -22"><span class='ocrx_word' id='word_1_143' title='bbox 306 2343 357 2408; x_wconf 85' lang='lat' dir='ltr'>Ad</span> <span class='ocrx_word' id='word_1_144' title='bbox 390 2345 616 2410; x_wconf 87' lang='lat' dir='ltr'>celebrandam</span> <span class='ocrx_word' id='word_1_145' title='bbox 648 2352 770 2430; x_wconf 88' lang='lat' dir='ltr'>nuptae</span> <span class='ocrx_word' id='word_1_146' title='bbox 806 2346 1093 2430; x_wconf 89' lang='lat' dir='ltr'>pulchritudinem,</span> <span class='ocrx_word' id='word_1_147' title='bbox 1130 2367 1192 2429; x_wconf 91' lang='lat' dir='ltr'>quo</span> <span class='ocrx_word' id='word_1_148' title='bbox 1225 2366 1356 2412; x_wconf 91' lang='lat' dir='ltr'>munere</span> 
     </span>
     <span class='ocr_line' id='line_1_20' title="bbox 218 2446 1356 2534; baseline 0.002 -22"><span class='ocrx_word' id='word_1_149' title='bbox 218 2446 444 2512; x_wconf 87' lang='lat' dir='ltr'>venustissime</span> <span class='ocrx_word' id='word_1_150' title='bbox 467 2448 642 2531; x_wconf 83' lang='lat' dir='ltr'>funguntur</span> <span class='ocrx_word' id='word_1_151' title='bbox 656 2449 865 2514; x_wconf 90' lang='lat' dir='ltr'>Theocriteae</span> <span class='ocrx_word' id='word_1_152' title='bbox 886 2450 966 2515; x_wconf 91' lang='lat' dir='ltr'>illae</span> <span class='ocrx_word' id='word_1_153' title='bbox 984 2451 1124 2534; x_wconf 89' lang='lat' dir='ltr'>puellae,</span> <span class='ocrx_word' id='word_1_154' title='bbox 1144 2471 1216 2515; x_wconf 90' lang='lat' dir='ltr'>cum</span> <span class='ocrx_word' id='word_1_155' title='bbox 1239 2450 1356 2514; x_wconf 90' lang='lat' dir='ltr'>similia</span> 
     </span>
     <span class='ocr_line' id='line_1_21' title="bbox 220 2551 1351 2638; baseline 0.005 -25"><span class='ocrx_word' id='word_1_156' title='bbox 220 2557 347 2614; x_wconf 88' lang='lat' dir='ltr'>sumunt</span> <span class='ocrx_word' id='word_1_157' title='bbox 369 2571 410 2614; x_wconf 88' lang='lat' dir='ltr'>ex</span> <span class='ocrx_word' id='word_1_158' title='bbox 431 2557 547 2616; x_wconf 88' lang='lat' dir='ltr'>natura</span> <span class='ocrx_word' id='word_1_159' title='bbox 574 2551 626 2634; x_wconf 85' lang='lat' dir='ltr'>(cf.</span> <span class='ocrx_word' id='word_1_160' title='bbox 647 2555 687 2616; x_wconf 83' lang='grc'>26</span> <span class='ocrx_word' id='word_1_161' title='bbox 697 2553 757 2636; x_wconf 84' lang='lat' dir='ltr'>sq.)</span> <span class='ocrx_word' id='word_1_162' title='bbox 785 2573 888 2634; x_wconf 88' lang='lat' dir='ltr'>aeque</span> <span class='ocrx_word' id='word_1_163' title='bbox 917 2573 956 2618; x_wconf 90' lang='lat' dir='ltr'>ac</span> <span class='ocrx_word' id='word_1_164' title='bbox 979 2553 1112 2638; x_wconf 84' lang='lat' dir='ltr'>Sappho</span> <span class='ocrx_word' id='word_1_165' title='bbox 1139 2559 1171 2619; x_wconf 89' lang='lat' dir='ltr'>et</span> <span class='ocrx_word' id='word_1_166' title='bbox 1193 2554 1351 2636; x_wconf 79' lang='lat' dir='ltr'>Catullus,</span> 
     </span>
     <span class='ocr_line' id='line_1_22' title="bbox 220 2653 1365 2740; baseline 0.004 -23"><span class='ocrx_word' id='word_1_167' title='bbox 220 2653 385 2718; x_wconf 83' lang='lat' dir='ltr'>fabulosas</span> <span class='ocrx_word' id='word_1_168' title='bbox 401 2653 522 2719; x_wconf 89' lang='lat' dir='ltr'>Statius</span> <span class='ocrx_word' id='word_1_169' title='bbox 545 2675 721 2738; x_wconf 81' lang='lat' dir='ltr'>congerere</span> <span class='ocrx_word' id='word_1_170' title='bbox 744 2655 852 2722; x_wconf 86' lang='lat' dir='ltr'>studet</span> <span class='ocrx_word' id='word_1_171' title='bbox 867 2657 1133 2740; x_wconf 89' lang='lat' dir='ltr'>comparationes,</span> <span class='ocrx_word' id='word_1_172' title='bbox 1153 2657 1268 2740; x_wconf 88' lang='lat' dir='ltr'>quibus</span> <span class='ocrx_word' id='word_1_173' title='bbox 1289 2678 1365 2734; x_wconf 83' lang='lat' dir='ltr'>non¹</span> 
     </span>
     <span class='ocr_line' id='line_1_23' title="bbox 219 2754 1364 2838; baseline 0.004 -18"><span class='ocrx_word' id='word_1_174' title='bbox 219 2756 322 2820; x_wconf 87' lang='lat' dir='ltr'>solum</span> <span class='ocrx_word' id='word_1_175' title='bbox 345 2754 500 2838; x_wconf 90' lang='lat' dir='ltr'>hocloco,</span> <span class='ocrx_word' id='word_1_176' title='bbox 527 2757 587 2822; x_wconf 88' lang='lat' dir='ltr'>sed</span> <span class='ocrx_word' id='word_1_177' title='bbox 610 2757 788 2823; x_wconf 85' lang='lat' dir='ltr'>sexcenties</span> <span class='ocrx_word' id='word_1_178' title='bbox 809 2758 843 2822; x_wconf 90' lang='lat' dir='ltr'>in</span> <span class='ocrx_word' id='word_1_179' title='bbox 866 2759 958 2823; x_wconf 88' lang='lat' dir='ltr'>silvis</span> <span class='ocrx_word' id='word_1_180' title='bbox 980 2759 1078 2824; x_wconf 91' lang='lat' dir='ltr'>utitur</span> <span class='ocrx_word' id='word_1_181' title='bbox 1100 2780 1138 2825; x_wconf 89' lang='lat' dir='ltr'>eo</span> <span class='ocrx_word' id='word_1_182' title='bbox 1162 2760 1297 2826; x_wconf 89' lang='lat' dir='ltr'>consilio</span> <span class='ocrx_word' id='word_1_183' title='bbox 1320 2765 1364 2825; x_wconf 85' lang='lat' dir='ltr'>ut&#39;</span> 
     </span>
     <span class='ocr_line' id='line_1_24' title="bbox 218 2856 1349 2946; baseline 0.006 -25"><span class='ocrx_word' id='word_1_184' title='bbox 218 2856 253 2922; x_wconf 93' lang='lat' dir='ltr'>id</span> <span class='ocrx_word' id='word_1_185' title='bbox 282 2858 366 2940; x_wconf 91' lang='lat' dir='ltr'>quod</span> <span class='ocrx_word' id='word_1_186' title='bbox 400 2879 472 2924; x_wconf 88' lang='lat' dir='ltr'>eum</span> <span class='ocrx_word' id='word_1_187' title='bbox 501 2860 560 2924; x_wconf 84' lang='lat' dir='ltr'>tali</span> <span class='ocrx_word' id='word_1_188' title='bbox 588 2859 718 2925; x_wconf 92' lang='lat' dir='ltr'>deorum</span> <span class='ocrx_word' id='word_1_189' title='bbox 747 2862 800 2927; x_wconf 88' lang='lat' dir='ltr'>vel</span> <span class='ocrx_word' id='word_1_190' title='bbox 828 2860 961 2926; x_wconf 91' lang='lat' dir='ltr'>heroum</span> <span class='ocrx_word' id='word_1_191' title='bbox 991 2882 1109 2945; x_wconf 87' lang='lat' dir='ltr'>genere</span> <span class='ocrx_word' id='word_1_192' title='bbox 1136 2870 1349 2946; x_wconf 84' lang='lat' dir='ltr'>comparatur,</span> 
     </span>
    </p>
   </div>
   <div class='ocr_carea' id='block_1_7' title="bbox 219 2961 1479 3058">
    <p class='ocr_par' dir='ltr' id='par_1_8' title="bbox 219 2961 1479 3058">
     <span class='ocr_line' id='line_1_25' title="bbox 219 2961 1479 3058; baseline 0.01 -33"><span class='ocrx_word' id='word_1_193' title='bbox 219 2961 262 3025; x_wconf 90' lang='lat' dir='ltr'>ad</span> <span class='ocrx_word' id='word_1_194' title='bbox 292 2963 415 3027; x_wconf 89' lang='lat' dir='ltr'>eaelum</span> <span class='ocrx_word' id='word_1_195' title='bbox 444 2962 597 3047; x_wconf 79' lang='lat' dir='ltr'>ferat**).</span> <span class='ocrx_word' id='word_1_196' title='bbox 644 2965 682 3028; x_wconf 95' lang='lat' dir='ltr'>In</span> <span class='ocrx_word' id='word_1_197' title='bbox 711 2964 773 3030; x_wconf 88' lang='lat' dir='ltr'>hoc</span> <span class='ocrx_word' id='word_1_198' title='bbox 795 2965 936 3030; x_wconf 87' lang='lat' dir='ltr'>carmine</span> <span class='ocrx_word' id='word_1_199' title='bbox 965 2965 1006 3031; x_wconf 71' lang='lat' dir='ltr'>cf·</span> <span class='ocrx_word' id='word_1_200' title='bbox 1031 2986 1063 3030; x_wconf 90' lang='lat' dir='ltr'>v.</span> <span class='ocrx_word' id='word_1_201' title='bbox 1084 2971 1123 3032; x_wconf 84' lang='lat'>38</span> <span class='ocrx_word' id='word_1_202' title='bbox 1140 2985 1203 3049; x_wconf 68' lang='lat' dir='ltr'>sq,</span> <span class='ocrx_word' id='word_1_203' title='bbox 1230 2970 1270 3031; x_wconf 89' lang='lat'>85</span> <span class='ocrx_word' id='word_1_204' title='bbox 1287 2986 1349 3050; x_wconf 75' lang='lat' dir='ltr'>sq,</span> <span class='ocrx_word' id='word_1_205' title='bbox 1451 3051 1479 3058; x_wconf 15' lang='lat'>,-</span> 
     </span>
    </p>
   </div>
   <div class='ocr_carea' id='block_1_8' title="bbox 216 3069 1358 3983">
    <p class='ocr_par' dir='ltr' id='par_1_9' title="bbox 221 3069 798 3151">
     <span class='ocr_line' id='line_1_26' title="bbox 221 3069 798 3151; baseline 0.005 -24"><span class='ocrx_word' id='word_1_206' title='bbox 221 3069 352 3146; x_wconf 86' lang='lat' dir='ltr'>115sq.,</span> <span class='ocrx_word' id='word_1_207' title='bbox 375 3069 506 3149; x_wconf 88' lang='lat' dir='ltr'>130sq.,</span> <span class='ocrx_word' id='word_1_208' title='bbox 526 3069 660 3151; x_wconf 77' lang='lat' dir='ltr'>213sq,</span> <span class='ocrx_word' id='word_1_209' title='bbox 680 3070 798 3150; x_wconf 73' lang='lat' dir='ltr'>illsq.</span> 
     </span>
    </p>

    <p class='ocr_par' dir='ltr' id='par_1_10' title="bbox 216 3168 1358 3668">
     <span class='ocr_line' id='line_1_27' title="bbox 304 3168 1354 3263; baseline 0.01 -32"><span class='ocrx_word' id='word_1_210' title='bbox 304 3168 431 3234; x_wconf 91' lang='lat' dir='ltr'>Deinde</span> <span class='ocrx_word' id='word_1_211' title='bbox 458 3190 516 3263; x_wconf 91' lang='lat' dir='ltr'>pro</span> <span class='ocrx_word' id='word_1_212' title='bbox 546 3171 631 3236; x_wconf 90' lang='lat' dir='ltr'>lacto</span> <span class='ocrx_word' id='word_1_213' title='bbox 658 3170 715 3236; x_wconf 91' lang='lat' dir='ltr'>illo</span> <span class='ocrx_word' id='word_1_214' title='bbox 741 3171 838 3236; x_wconf 88' lang='lat' dir='ltr'>choro</span> <span class='ocrx_word' id='word_1_215' title='bbox 866 3172 965 3238; x_wconf 89' lang='lat' dir='ltr'>alacri</span> <span class='ocrx_word' id='word_1_216' title='bbox 995 3193 1067 3238; x_wconf 91' lang='lat' dir='ltr'>cum</span> <span class='ocrx_word' id='word_1_217' title='bbox 1095 3180 1264 3240; x_wconf 85' lang='lat' dir='ltr'>venustate</span> <span class='ocrx_word' id='word_1_218' title='bbox 1286 3175 1354 3241; x_wconf 91' lang='lat' dir='ltr'>He-</span> 
     </span>
     <span class='ocr_line' id='line_1_28' title="bbox 217 3272 1352 3361; baseline 0.008 -26"><span class='ocrx_word' id='word_1_219' title='bbox 217 3272 323 3337; x_wconf 88' lang='lat' dir='ltr'>lenam</span> <span class='ocrx_word' id='word_1_220' title='bbox 339 3278 371 3336; x_wconf 92' lang='lat' dir='ltr'>et</span> <span class='ocrx_word' id='word_1_221' title='bbox 385 3272 568 3338; x_wconf 89' lang='lat' dir='ltr'>Menelaum</span> <span class='ocrx_word' id='word_1_222' title='bbox 583 3294 617 3339; x_wconf 93' lang='lat' dir='ltr'>re</span> <span class='ocrx_word' id='word_1_223' title='bbox 633 3294 710 3338; x_wconf 91' lang='lat' dir='ltr'>vera</span> <span class='ocrx_word' id='word_1_224' title='bbox 724 3275 922 3355; x_wconf 84' lang='lat' dir='ltr'>concinente,</span> <span class='ocrx_word' id='word_1_225' title='bbox 942 3274 994 3341; x_wconf 94' lang='lat' dir='ltr'>hic</span> <span class='ocrx_word' id='word_1_226' title='bbox 1010 3276 1111 3342; x_wconf 89' lang='lat' dir='ltr'>habes</span> <span class='ocrx_word' id='word_1_227' title='bbox 1127 3284 1252 3361; x_wconf 90' lang='lat' dir='ltr'>poetas,</span> <span class='ocrx_word' id='word_1_228' title='bbox 1272 3299 1352 3360; x_wconf 92' lang='lat' dir='ltr'>quos</span> 
     </span>
     <span class='ocr_line' id='line_1_29' title="bbox 219 3367 1355 3460; baseline 0.012 -22"><span class='ocrx_word' id='word_1_229' title='bbox 219 3374 340 3439; x_wconf 88' lang='lat' dir='ltr'>Statius</span> <span class='ocrx_word' id='word_1_230' title='bbox 362 3375 627 3460; x_wconf 87' lang='lat' dir='ltr'>adhortatur,</span> <span class='ocrx_word' id='word_1_231' title='bbox 660 3383 695 3441; x_wconf 91' lang='lat' dir='ltr'>ut</span> <span class='ocrx_word' id='word_1_232' title='bbox 717 3397 830 3444; x_wconf 85' lang='lat' dir='ltr'>versus</span> <span class='ocrx_word' id='word_1_233' title='bbox 852 3378 975 3444; x_wconf 88' lang='lat' dir='ltr'>faciant</span> <span class='ocrx_word' id='word_1_234' title='bbox 1002 3367 1210 3447; x_wconf 87' lang='lat' dir='ltr'>inhonorem</span> <span class='ocrx_word' id='word_1_235' title='bbox 1233 3382 1355 3452; x_wconf 89' lang='lat' dir='ltr'>Stellae</span> 
     </span>
     <span class='ocr_line' id='line_1_30' title="bbox 218 3478 1358 3566; baseline 0.01 -24"><span class='ocrx_word' id='word_1_236' title='bbox 218 3483 250 3542; x_wconf 86' lang='lat' dir='ltr'>et</span> <span class='ocrx_word' id='word_1_237' title='bbox 277 3478 493 3560; x_wconf 87' lang='lat' dir='ltr'>Violentillae,</span> <span class='ocrx_word' id='word_1_238' title='bbox 527 3479 602 3561; x_wconf 90' lang='lat' dir='ltr'>quia</span> <span class='ocrx_word' id='word_1_239' title='bbox 632 3480 734 3545; x_wconf 91' lang='lat' dir='ltr'>Stella</span> <span class='ocrx_word' id='word_1_240' title='bbox 766 3481 839 3564; x_wconf 88' lang='lat' dir='ltr'>ipse</span> <span class='ocrx_word' id='word_1_241' title='bbox 869 3483 911 3546; x_wconf 91' lang='lat' dir='ltr'>sit</span> <span class='ocrx_word' id='word_1_242' title='bbox 940 3489 1052 3566; x_wconf 90' lang='lat' dir='ltr'>poeta,</span> <span class='ocrx_word' id='word_1_243' title='bbox 1079 3483 1265 3551; x_wconf 89' lang='lat' dir='ltr'>Violentilla</span> <span class='ocrx_word' id='word_1_244' title='bbox 1294 3488 1358 3553; x_wconf 89' lang='lat' dir='ltr'>sibi</span> 
     </span>
     <span class='ocr_line' id='line_1_31' title="bbox 216 3580 1045 3668; baseline 0.005 -24"><span class='ocrx_word' id='word_1_245' title='bbox 216 3580 279 3664; x_wconf 87' lang='lat' dir='ltr'>ipsi</span> <span class='ocrx_word' id='word_1_246' title='bbox 301 3581 483 3666; x_wconf 89' lang='lat' dir='ltr'>popularis;</span> <span class='ocrx_word' id='word_1_247' title='bbox 510 3601 593 3665; x_wconf 89' lang='lat' dir='ltr'>quae</span> <span class='ocrx_word' id='word_1_248' title='bbox 616 3583 724 3648; x_wconf 89' lang='lat' dir='ltr'>omnia</span> <span class='ocrx_word' id='word_1_249' title='bbox 745 3585 841 3668; x_wconf 90' lang='lat' dir='ltr'>longe</span> <span class='ocrx_word' id='word_1_250' title='bbox 863 3591 1045 3650; x_wconf 86' lang='lat' dir='ltr'>narrantur.</span> 
     </span>
    </p>

    <p class='ocr_par' dir='ltr' id='par_1_11' title="bbox 216 3685 1350 3983">
     <span class='ocr_line' id='line_1_32' title="bbox 303 3685 1350 3772; baseline 0.013 -25"><span class='ocrx_word' id='word_1_251' title='bbox 303 3685 450 3766; x_wconf 90' lang='lat' dir='ltr'>Denique</span> <span class='ocrx_word' id='word_1_252' title='bbox 481 3687 539 3751; x_wconf 88' lang='lat' dir='ltr'>sub</span> <span class='ocrx_word' id='word_1_253' title='bbox 566 3685 662 3750; x_wconf 81' lang='lat' dir='ltr'>linem</span> <span class='ocrx_word' id='word_1_254' title='bbox 685 3686 873 3754; x_wconf 85' lang='lat' dir='ltr'>Theocritus</span> <span class='ocrx_word' id='word_1_255' title='bbox 902 3709 922 3753; x_wconf 92' lang='lat' dir='ltr'>a</span> <span class='ocrx_word' id='word_1_256' title='bbox 944 3689 1082 3772; x_wconf 89' lang='lat' dir='ltr'>Latona,</span> <span class='ocrx_word' id='word_1_257' title='bbox 1110 3691 1246 3772; x_wconf 90' lang='lat' dir='ltr'>Venere,</span> <span class='ocrx_word' id='word_1_258' title='bbox 1273 3696 1350 3762; x_wconf 89' lang='lat' dir='ltr'>Iove</span> 
     </span>
     <span class='ocr_line' id='line_1_33' title="bbox 216 3785 1349 3884; baseline 0.008 -32"><span class='ocrx_word' id='word_1_259' title='bbox 216 3788 307 3872; x_wconf 86' lang='lat' dir='ltr'>petit,</span> <span class='ocrx_word' id='word_1_260' title='bbox 333 3789 482 3853; x_wconf 83' lang='lat' dir='ltr'>ut-novis</span> <span class='ocrx_word' id='word_1_261' title='bbox 504 3789 628 3854; x_wconf 80' lang='lat' dir='ltr'>maribis</span> <span class='ocrx_word' id='word_1_262' title='bbox 648 3790 741 3855; x_wconf 88' lang='lat' dir='ltr'>dent:</span> <span class='ocrx_word' id='word_1_263' title='bbox 768 3785 951 3872; x_wconf 75' lang='grc' dir='ltr'><strong><em>εὐτεκνίαν,</em></strong></span> <span class='ocrx_word' id='word_1_264' title='bbox 978 3785 1053 3857; x_wconf 78' lang='grc' dir='ltr'><strong><em>ἶσον</em></strong></span> <span class='ocrx_word' id='word_1_265' title='bbox 1076 3792 1225 3879; x_wconf 72' lang='grc' dir='ltr'>ἐ’ρασθαι</span> <span class='ocrx_word' id='word_1_266' title='bbox 1248 3791 1349 3884; x_wconf 77' lang='grc' dir='ltr'><em>ἀλλή-</em></span> 
     </span>
     <span class='ocr_line' id='line_1_34' title="bbox 216 3885 1344 3983; baseline 0.01 -29"><span class='ocrx_word' id='word_1_267' title='bbox 216 3891 294 3972; x_wconf 79' lang='grc' dir='ltr'><strong><em>λων,</em></strong></span> <span class='ocrx_word' id='word_1_268' title='bbox 322 3885 475 3975; x_wconf 74' lang='grc' dir='ltr'><strong><em>ἄφθιτον</em></strong></span> <span class='ocrx_word' id='word_1_269' title='bbox 503 3886 607 3975; x_wconf 75' lang='grc' dir='ltr'><strong><em>ὄλβον</em></strong></span> <span class='ocrx_word' id='word_1_270' title='bbox 636 3899 731 3976; x_wconf 88' lang='lat' dir='ltr'>atque</span> <span class='ocrx_word' id='word_1_271' title='bbox 754 3894 901 3978; x_wconf 88' lang='lat' dir='ltr'>adiungit</span> <span class='ocrx_word' id='word_1_272' title='bbox 928 3893 1162 3978; x_wconf 77' lang='lat' dir='ltr'>lepidissimum</span> <span class='ocrx_word' id='word_1_273' title='bbox 1190 3899 1344 3983; x_wconf 86' lang='lat' dir='ltr'>nuptiale,</span> 
     </span>
    </p>
   </div>
   <div class='ocr_carea' id='block_1_9' title="bbox 213 4061 1348 4392">
    <p class='ocr_par' dir='ltr' id='par_1_12' title="bbox 213 4061 1348 4392">
     <span class='ocr_line' id='line_1_35' title="bbox 275 4061 1348 4136; baseline 0.009 -20"><span class='ocrx_word' id='word_1_274' title='bbox 275 4063 300 4126; x_wconf 81' lang='lat' dir='ltr'>*l</span> <span class='ocrx_word' id='word_1_275' title='bbox 314 4061 348 4116; x_wconf 93' lang='lat' dir='ltr'>V.</span> <span class='ocrx_word' id='word_1_276' title='bbox 361 4062 494 4131; x_wconf 89' lang='lat' dir='ltr'>Purgold,</span> <span class='ocrx_word' id='word_1_277' title='bbox 502 4063 979 4136; x_wconf 85' lang='lat' dir='ltr'>ArchaeologiseheBemerkungen</span> <span class='ocrx_word' id='word_1_278' title='bbox 988 4067 1169 4124; x_wconf 81' lang='lat' dir='ltr'>zuOlaudian</span> <span class='ocrx_word' id='word_1_279' title='bbox 1181 4086 1207 4124; x_wconf 83' lang='lat' dir='ltr'>u.</span> <span class='ocrx_word' id='word_1_280' title='bbox 1217 4069 1348 4126; x_wconf 89' lang='lat' dir='ltr'>Sidonius</span> 
     </span>
     <span class='ocr_line' id='line_1_36' title="bbox 236 4151 341 4201; baseline 0 0"><span class='ocrx_word' id='word_1_281' title='bbox 236 4151 286 4201; x_wconf 81' lang='lat' dir='ltr'>.7r</span> <span class='ocrx_word' id='word_1_282' title='bbox 336 4189 341 4201; x_wconf 94' lang='lat'>.</span> 
     </span>
     <span class='ocr_line' id='line_1_37' title="bbox 213 4163 1347 4310; baseline 0.01 -24"><span class='ocrx_word' id='word_1_283' title='bbox 213 4165 232 4218; x_wconf 68' lang='lat' dir='ltr'>p</span> <span class='ocrx_word' id='word_1_284' title='bbox 257 4163 427 4299; x_wconf 43' lang='lat' dir='ltr'>*balluihus</span> <span class='ocrx_word' id='word_1_285' title='bbox 445 4235 479 4288; x_wconf 89' lang='lat' dir='ltr'>de</span> <span class='ocrx_word' id='word_1_286' title='bbox 498 4236 754 4302; x_wconf 86' lang='lat' dir='ltr'>comparationibus</span> <span class='ocrx_word' id='word_1_287' title='bbox 777 4236 813 4290; x_wconf 85' lang='lat' dir='ltr'>ef.</span> <span class='ocrx_word' id='word_1_288' title='bbox 828 4237 1008 4307; x_wconf 88' lang='lat' dir='ltr'>Purgoldium</span> <span class='ocrx_word' id='word_1_289' title='bbox 1027 4241 1078 4295; x_wconf 93' lang='lat' dir='ltr'>l.c.</span> <span class='ocrx_word' id='word_1_290' title='bbox 1093 4243 1125 4292; x_wconf 87' lang='lat'>93</span> <span class='ocrx_word' id='word_1_291' title='bbox 1138 4255 1179 4310; x_wconf 89' lang='lat' dir='ltr'>sq.</span> <span class='ocrx_word' id='word_1_292' title='bbox 1199 4241 1246 4309; x_wconf 91' lang='lat' dir='ltr'>qui</span> <span class='ocrx_word' id='word_1_293' title='bbox 1265 4241 1347 4297; x_wconf 89' lang='lat' dir='ltr'>huius</span> 
     </span>
     <span class='ocr_line' id='line_1_38' title="bbox 214 4318 1127 4392; baseline 0.01 -21"><span class='ocrx_word' id='word_1_294' title='bbox 214 4318 345 4372; x_wconf 86' lang='lat' dir='ltr'>carminis</span> <span class='ocrx_word' id='word_1_295' title='bbox 362 4336 390 4374; x_wconf 89' lang='lat' dir='ltr'>v.</span> <span class='ocrx_word' id='word_1_296' title='bbox 407 4321 454 4370; x_wconf 80' lang='lat'>117</span> <span class='ocrx_word' id='word_1_297' title='bbox 468 4335 509 4389; x_wconf 83' lang='lat' dir='ltr'>sq.</span> <span class='ocrx_word' id='word_1_298' title='bbox 532 4327 561 4374; x_wconf 86' lang='lat' dir='ltr'>et</span> <span class='ocrx_word' id='word_1_299' title='bbox 581 4323 626 4373; x_wconf 90' lang='grc'>131</span> <span class='ocrx_word' id='word_1_300' title='bbox 641 4337 683 4392; x_wconf 86' lang='lat' dir='ltr'>sq.</span> <span class='ocrx_word' id='word_1_301' title='bbox 704 4324 978 4380; x_wconf 86' lang='lat' dir='ltr'>monumentisbene</span> <span class='ocrx_word' id='word_1_302' title='bbox 996 4327 1127 4380; x_wconf 85' lang='lat' dir='ltr'>illustrat.</span> 
     </span>
    </p>
   </div>
   <div class='ocr_carea' id='block_1_10' title="bbox 0 0 1630 5130">
    <p class='ocr_par' dir='ltr' id='par_1_13' title="bbox 0 0 1630 5130">
     <span class='ocr_line' id='line_1_39' title="bbox 0 0 1630 5130; baseline 0 3"><span class='ocrx_word' id='word_1_303' title='bbox 0 0 1630 5130; x_wconf 95' lang='lat' dir='ltr'> </span> 
     </span>
    </p>
   </div>
  </div>
 </body>
</html>
