3250 5130
236 2517 241 2526 ι

745 384 875 444 τ,ῃ
920 421 959 428 ,.

374 567 497 646 Quibus
534 569 628 634 rebus
662 569 816 653 expositis
847 575 963 651 restat,
997 575 1032 634 ut
1060 575 1160 634 totum
1188 589 1315 634 carmen
1343 589 1423 651 quo-

288 670 382 736 modo
404 671 612 755 compositum
637 673 678 737 sit
700 672 880 738 accuratius
902 673 1135 738 examinemus:

374 774 412 838 In
434 773 559 840 medias
582 793 634 840 res
656 793 714 840 nos
737 775 844 840 statim
867 774 988 840 inducit
1011 781 1107 858 poeta
1130 794 1341 859 pompamque
1363 773 1422 840 de-

288 875 392 960 pingit
414 877 588 960 nuptialem
619 877 653 941 in
676 877 881 944 Violentillae
904 878 1090 959 Stellaeque
1120 878 1281 956 honorem,
1308 877 1358 942 cui
1389 876 1422 942 di

288 979 352 1063 ipsi
378 979 498 1046 adsunt
526 980 578 1045 vel
607 981 833 1064 propinquant.
888 982 937 1046 Ita
966 981 1097 1045 veniunt
1122 982 1253 1062 Musae,
1286 982 1418 1063 Elegea,

288 1082 420 1149 veniunt
448 1083 577 1168 Apollo,
603 1083 769 1166 Bacchus,
796 1083 989 1164 Mercurius,
1015 1084 1123 1164 Amor,
1150 1083 1262 1148 Gratia
1290 1084 1324 1148 in
1347 1084 1423 1148 Vio

288 1187 433 1253 lentillae
464 1187 593 1252 domum
622 1187 717 1251 simul
748 1207 819 1251 cum
842 1188 976 1268 Venere,
1003 1206 1086 1269 quae
1116 1187 1261 1270 pronuba
1289 1193 1421 1271 nuptam

287 1275 374 1356 ducit
396 1295 544 1372 torosque
567 1295 598 1355 et
621 1307 713 1355 sacra
736 1297 839 1373 parat.
886 1291 954 1355 Iam
975 1290 1094 1355 Stellae
1117 1295 1226 1374 aperte
1249 1290 1311 1355 frui
1334 1290 1418 1371 licet,

288 1391 380 1458 cuius
416 1392 577 1458 desiderio
605 1391 765 1476 flagravit.
820 1395 911 1459 Hanc
942 1377 1128 1459 felicitatem
1161 1399 1197 1457 ut
1231 1391 1263 1458 in
1298 1395 1421 1458 caelum

288 1495 417 1576 efferat,
460 1495 750 1580 comparationibus
787 1496 886 1561 utitur
921 1503 1017 1580 poeta
1049 1517 1094 1572 ‚ex
1130 1496 1242 1562 fabula
1278 1497 1423 1581 repetitis

292 1601 342 1682 (V.
366 1599 506 1682 1-45).
1405 1675 1408 1682 Ι

375 1702 607 1770 caerimoniam
637 1702 671 1767 in
693 1702 900 1769 Violentillae
927 1702 1021 1768 domo
1051 1703 1208 1769 celebrari
1237 1723 1277 1768 ex
1304 1724 1341 1769 eo
1364 1724 1422 1788 up-

287 1813 395 1892 paret‚
429 1805 513 1890 quod
549 1805 675 1872 traduci
705 1806 767 1872 hoc
798 1807 869 1872 loco
897 1813 1030 1892 nuptam
1053 1805 1121 1871 viro
1149 1813 1293 1892 apertum
1324 1807 1419 1890 esdr.

287 1909 381 1988 Quod
402 1929 478 1976 vero
493 1910 604 1975 Musae
626 1908 868 1974 introducuntur
890 1911 1078 1975 sollemnem
1101 1910 1208 1992 ignem
1225 1917 1257 1976 et
1278 1911 1421 1975 vocalem

287 2013 407 2080 undam
431 2012 581 2095 terentes,
601 2013 667 2078 noli
690 2019 803 2097 putare
825 2012 890 2077 iam
909 2012 1013 2097 accipi
1036 2032 1122 2095 aqua
1144 2020 1177 2078 et
1198 2013 1266 2096 igni
1287 2019 1420 2097 nuptam

287 2117 320 2181 in
344 2116 439 2182 domo
462 2115 568 2180 mariti
576 2116 635 2196 Η).
678 2113 825 2198 Namque
847 2117 959 2181 Musae
981 2117 1119 2182 afferunt
1141 2116 1234 2200 signa
1256 2118 1323 2198 illa,
1350 2115 1421 2199 qui-

288 2221 347 2286 bus
371 2224 499 2284 utantur
521 2217 638 2283 mariti.
686 2219 839 2283 Similiter
854 2221 962 2284 Venus
986 2220 1102 2285 dicitur
1123 2221 1240 2285 lectum
1263 2221 1422 2302 genialem

293 2323 396 2406 (toros)
424 2341 592 2405 parare,
618 2320 661 2385 ad
683 2341 777 2403 quem
797 2340 932 2404 vespere
955 2328 1088 2405 nuptam
1105 2320 1243 2387 ducebat
1264 2323 1419 2405 pronuba,

292 2425 364 2510 (quo
386 2424 427 2490 de
443 2444 503 2490 usu
518 2445 548 2488 v.
569 2424 742 2508 praecipue
765 2422 897 2508 epithal.
916 2423 1079 2506 Laurenti,
1098 2423 1183 2506 quod
1204 2424 1239 2489 in
1253 2424 1423 2488 Claudiani

270 2527 480 2612 ,carminibus
504 2526 735 2610 circumfertur,
761 2527 836 2592 inde
851 2550 871 2592 a
886 2547 982 2593 versu
999 2531 1038 2591 64
1048 2534 1124 2609 sq).
1158 2527 1222 2592 Sed
1243 2547 1305 2610 quo
1328 2527 1422 2594 modo
1487 2539 1491 2548 ’

286 2631 329 2697 ad
359 2630 443 2696 hunc
470 2629 654 2714 nuptiarum
680 2627 765 2695 diem
793 2636 981 2714 perventum
1012 2630 1062 2712 sit,
1087 2631 1194 2712 Erato,
1221 2631 1340 2715 quippe
1370 2632 1422 2696 cui
1471 2701 1474 2705 ,

287 2753 411 2800 amores
434 2733 498 2800 sint
521 2733 624 2814 cordi,
659 2740 803 2816 enarret,
830 2733 906 2798 dum
929 2733 1011 2798 atria
1033 2734 1232 2818 complentur
1261 2733 1422 2798 hominum

288 2837 492 2904 multitudine
507 2843 539 2902 et
562 2836 768 2920 magistratus
784 2837 896 2902 limina
918 2835 1060 2903 fascibus
1083 2838 1214 2920 pulsent
1240 2837 1417 2920 (ro-50).

373 2940 426 3008 Sic
449 2961 470 3006 a
490 2946 586 3025 poeta
608 2945 721 3023 rogata
736 2945 800 3004 tam
817 2940 888 3004 fuse
911 2940 969 3004 illa
992 2940 1098 3005 omnia
1113 2947 1232 3023 narrat,
1251 2946 1287 3005 ut
1308 2939 1349 3005 dc
1371 2939 1422 3004 his

286 3047 382 3112 rebus
406 3045 502 3128 longe
525 3043 668 3110 maxima
689 3043 786 3110 totius
809 3044 959 3110 carminis
982 3050 1097 3127 agatur
1119 3051 1210 3129 parte
1234 3047 1418 3128 (ar-200).

286 3149 395 3214 Venus
419 3147 503 3214 enim
523 3147 674 3231 gravibus
690 3147 815 3212 Amoris
838 3146 896 3212 lilii
918 3147 1077 3231 precibus,
1095 3147 1210 3228 quihus
1232 3147 1345 3213 inserit
1366 3148 1422 3212 ille

287 3251 408 3318 Stellae
430 3250 556 3315 iuvenis
579 3249 704 3330 laudes,
729 3255 895 3330 commota,
916 3269 986 3314 cum
1010 3247 1123 3314 eadem
1147 3247 1233 3314 haud
1256 3270 1359 3334 pauca
1381 3248 1422 3314 ad

286 3353 467 3420 laudandas
482 3351 687 3420 Violentillae
703 3353 841 3419 clientas
857 3373 935 3418 suae
951 3353 1084 3418 virtutes
1100 3353 1273 3435 protulerit,
1295 3354 1422 3436 puellae

287 3458 431 3524 animum
461 3462 585 3523 vertere
622 3457 785 3522 constituit
822 3447 870 3540 (5¹1
884 3457 1022 3540 -14θ).
1071 3455 1282 3534 Quamobrem
1315 3477 1418 3538 curru,

287 3582 381 3645 quem
415 3561 545 3626 trahunt
575 3561 695 3642 olores,
730 3560 842 3626 afilio
865 3567 958 3626 vecta
990 3561 1024 3625 in
1047 3558 1251 3625 Violentillae
1281 3559 1420 3642 domum,

286 3683 382 3748 quam
419 3683 475 3748 pro
505 3664 590 3728 virili
620 3669 710 3747 parte
747 3662 898 3728 laudibus
927 3665 1039 3728 efferre
1078 3661 1185 3727 studet
1221 3668 1316 3744 poeta
1350 3667 1421 3746 (147
1464 3653 1470 3658 ’

286 3769 417 3850 -157),
438 3771 488 3832 sat
503 3765 641 3851 copiosis
658 3771 689 3830 et
704 3765 833 3830 disertis
849 3765 954 3831 verbis
970 3765 1136 3830 declarare
1159 3770 1301 3845 conatur,
1327 3785 1422 3847 quam
1518 3853 1520 3858 Ι

286 3869 455 3956 pulchrum
479 3870 521 3935 sit
543 3869 796 3950 matrimonium,
831 3889 926 3951 quam
956 3866 1173 3933 necessarium
1201 3867 1419 3951 (lca-193),
1460 3877 1465 3888 ’

287 3995 349 4058 quo
365 3972 474 4056 efficit,
494 3979 528 4038 ut
543 3974 655 4058 puella
670 3972 732 4038 sibi
749 3972 830 4036 dura
844 3971 993 4036 videatur
1009 3971 1216 4053 (tel-200).
1243 3971 1312 4036 Iam
1327 3977 1423 4056 poeta

360 4130 384 4194 *l
411 4128 571 4190 Rossbach,
600 4126 851 4195 Untersuchungen
876 4125 944 4180 [lber
968 4126 994 4180 d.
1016 4127 1082 4178 rbm.
1103 4124 1164 4180 Ehe
1195 4129 1317 4196 293sq.;
1349 4127 1423 4182 Mar-

286 4215 388 4285 quardt
406 4215 424 4270 l.
437 4232 460 4269 c.
481 4215 513 4265 45
527 4229 569 4284 sq.

344 4302 385 4366 **)
413 4299 559 4356 Rossbach
581 4300 634 4354 l.c.
657 4301 716 4352 361.
755 4298 918 4368 Marquardt
935 4297 972 4352 ib.
989 4299 1030 4350 54.
