3250 5130
737 385 951 444 ..30-

279 571 461 654 nuptiarum
492 577 680 655 perpetuum
703 569 817 634 foedus
839 569 1004 652 praeclare
1027 567 1114 632 eadit
1135 573 1231 650 atque
1253 567 1412 632 humanae

279 672 361 737 adeo
384 673 532 738 convenit
553 678 698 754 naturae,
725 677 846 736 utnon
868 671 972 736 minus
989 670 1123 736 Graecis
1146 691 1241 753 quam
1260 670 1413 734 Romanis

280 774 378 840 fuerit
399 776 577 860 proprium,
605 774 666 840 etsi
689 772 930 839 concedendum
953 779 1002 838 est
1023 774 1182 837 Romanos
1204 772 1288 836 hane
1310 771 1413 836 caeri-

281 879 422 943 moniam
445 886 481 944 ut
502 899 658 944 summam
680 877 787 942 ieiune
810 876 844 940 in
866 876 971 940 medio
993 877 1151 959 posuisse.

366 983 459 1047 Hanc
480 981 653 1064 imaginem
677 978 720 1043 ad
734 979 823 1044 Pelei
843 985 876 1044 et
889 978 1036 1044 Thetidis
1059 979 1187 1063 nuptias
1210 979 1329 1044 referre
1350 998 1414 1043 non

281 1084 401 1167 dubito,
418 1105 609 1167 quamquam
626 1083 776 1150 dissentit
788 1082 994 1167 stephanius,
1009 1083 1065 1165 qui
1077 1082 1162 1146 iusto
1177 1083 1251 1166 plus
1267 1082 1416 1146 similitu-

281 1187 389 1253 dinem
404 1189 494 1252 illam
510 1188 663 1269 neglexit,
680 1206 763 1268 quae
778 1206 812 1250 re
827 1206 904 1250 vera
918 1185 1001 1249 inter
1016 1185 1075 1250 hoe
1091 1185 1301 1270 anaglyptum
1317 1186 1416 1249 inter-

282 1290 367 1356 cedit
382 1298 414 1355 et
429 1291 628 1355 notissimum
643 1289 735 1372 illud,
751 1287 835 1372 qhod
850 1288 883 1352 in
895 1288 973 1354 villa
981 1288 1158 1353 Albanensi
1174 1289 1363 1356 adservatur
1373 1288 1412 1371 l).

371 1395 506 1460 Femina
528 1400 633 1458 autem
656 1397 788 1476 nuptam
810 1398 980 1475 prosecuta
1007 1391 1111 1474 magis
1134 1391 1176 1456 ad
1198 1391 1331 1456 formam
1347 1391 1417 1456 re-

267 1499 369 1586 ¹neris
393 1518 490 1580 quam
512 1495 644 1560 Iunonis
666 1494 793 1560 videtur
815 1513 979 1577 expressa.

370 1601 430 1667 Oui
451 1619 588 1684 pompae
610 1597 747 1682 nuptiali
763 1597 847 1662 adde
869 1597 1034 1662 mulierem
1050 1598 1176 1663 tertia'm
1192 1597 1427 1682 retrospicien-‘

282 1713 347 1770 tem
370 1706 423 1770 vel
446 1704 489 1768 ad
511 1721 662 1786 sponsam
685 1719 822 1784 versam,
850 1722 945 1784 quam
969 1719 1065 1786 supra
1087 1702 1236 1784 vidimus,
1263 1708 1295 1767 et
1317 1702 1417 1766 habes

282 1808 455 1890 imaginem
476 1807 510 1869 in
532 1805 647 1890 primo,
667 1824 761 1886 quem
783 1804 947 1868 tractaturi
969 1823 1090 1885 sumus,
1110 1805 1309 1888 sarcophago
1332 1805 1418 1869 scul-

282 1918 371 1996 ptam
383 1907 603 1990 Vaticano**).
643 1906 704 1972 Hic
726 1907 861 1989 figuram
882 1907 982 1986 illam,
1003 1927 1085 1989 quae
1107 1907 1253 1973 dextram
1275 1908 1364 1992 ponit
1384 1907 1418 1971 in

283 2033 392 2077 umero
427 2017 560 2095 nuptae,
602 2007 782 2074 diademate
813 2016 972 2092 ornatam,
1004 2010 1162 2076 Venerem
1195 2018 1280 2076 recte
1314 2011 1414 2092 dicas,

283 2133 477 2197 quamquam
499 2131 563 2177 non
586 2131 626 2176 ea
648 2111 796 2196 splendet
811 2112 990 2196 maiestate,
1018 2134 1081 2195 qua
1096 2115 1204 2178 Venus
1226 2115 1295 2196 illa,
1322 2134 1417 2197 quam

285 2216 377 2281 modo
400 2216 550 2281 vidimus.
597 2215 741 2278 Alteram
763 2221 870 2279 autem
898 2216 960 2298 (vel
983 2216 1119 2299 tertiam)
1147 2216 1310 2298 feminam,
1336 2235 1419 2297 quae

284 2319 392 2386 media
413 2319 495 2383 inter
516 2317 646 2381 maritos
675 2322 764 2380 stans
793 2315 896 2398 capite
925 2317 968 2380 ad
994 2325 1126 2400 nuptam
1155 2338 1248 2382 verso
1271 2318 1417 2382 dextrum

284 2423 448 2490 brachium
470 2420 605 2506 porrigit
627 2437 776 2502 sponsam
801 2418 977 2484 deductura
998 2419 1076 2500 viro,
1103 2420 1158 2502 qui
1185 2421 1250 2484 iam
1273 2421 1419 2484 dextram

284 2526 389 2608 iungit
412 2527 553 2606 dextrae,
581 2523 664 2586 hano
681 2523 836 2586 lunonem
859 2529 948 2605 puta.
991 2524 1136 2606 Namque
1152 2523 1212 2589 etsi
1227 2523 1326 2588 iacies
1348 2523 1420 2607 ipsa

285 2629 373 2713 apud
403 2625 611 2692 Guattanium
646 2624 692 2688 nil
724 2630 831 2708 potest
859 2625 1011 2708 probare,
1050 2632 1158 2690 tamen
1193 2632 1295 2690 status
1324 2631 1420 2706 atque

284 2733 510 2798 vestimentum
532 2728 648 2792 Iunoni
671 2734 744 2792 sunt
765 2728 911 2812 propria;
938 2727 1056 2812 optime
1073 2749 1144 2793 cum
1166 2729 1227 2792 hae
1243 2727 1420 2812 comparari

285 2842 390 2920 potest
412 2835 490 2916 dea,
522 2851 604 2915 quae
633 2830 742 2895 media
770 2830 854 2895 inter
881 2831 1029 2896 Iasonem
1058 2837 1089 2895 et
1112 2832 1265 2896 Creusam
1295 2836 1359 2896 stat
1387 2829 1421 2894 in

355 3035 377 3098 *t
400 3034 492 3102 Zoega
511 3035 573 3090 br.
595 3038 636 3088 51.
671 3036 757 3090 Cuius
781 3036 927 3107 anaglypti
951 3037 987 3090 de
1006 3035 1094 3105 figura
1114 3037 1208 3106 aliqua
1232 3037 1420 3105 suspicionem

287 3120 424 3188 quandam
437 3119 489 3174 hoc
502 3121 564 3175 loco
576 3122 680 3176 addere
693 3122 786 3176 liceat.
807 3121 923 3175 Femina
936 3111 1008 3175 enim
1026 3123 1076 3176 illa
1088 3123 1116 3175 in
1128 3123 1242 3177 sinistra
1260 3129 1340 3190 parte
1357 3127 1422 3192 post

286 3204 412 3259 arborem
425 3205 510 3273 longo
523 3207 621 3260 induta
633 3209 802 3262 vestimento
816 3203 961 3277 στεφάνην
973 3213 1087 3275 gestans
1106 3208 1134 3260 in
1147 3209 1271 3263 crinibus
1282 3223 1421 3278 manuque

287 3291 418 3345 corollam
436 3295 475 3358 (ut
488 3294 596 3361 Zoegae
611 3294 722 3362 quidem
735 3293 867 3360 videtur),
884 3309 966 3362 quam
978 3291 1065 3346 Amor
1078 3293 1186 3348 duabus
1198 3295 1326 3348 manibus
1344 3310 1422 3348 amo-
1449 3302 1453 3312 “

286 3394 352 3432 vere
371 3379 480 3442 studet,
501 3394 572 3448 quae
592 3385 668 3436 esset
686 3395 860 3450 nequaquam
885 3381 959 3434 inter
976 3382 1052 3436 viros
1071 3380 1169 3434 doctos
1187 3382 1327 3436 convenit.
1355 3381 1422 3435 Dis-

286 3465 409 3519 cordiam
428 3483 483 3520 non
501 3482 563 3521 esse
581 3467 766 3536 perspicuum.
801 3449 927 3535 Namdue
948 3469 970 3531 1)
992 3468 1073 3522 deest
1090 3469 1206 3534 malum,
1228 3469 1251 3532 2)
1273 3484 1328 3522 non
1346 3485 1422 3522 sum-

286 3557 362 3606 mota
381 3557 425 3606 est
442 3553 490 3606 illa
503 3553 571 3618 dea,
591 3555 642 3608 sed
654 3570 684 3608 re
696 3570 764 3609 vera
775 3555 854 3609 venit
866 3556 904 3608 ad
916 3555 1043 3624 nuptias;
1064 3556 1138 3608 malo
1155 3559 1247 3610 autem
1266 3554 1295 3608 in
1308 3555 1422 3609 deornm

287 3638 444 3692 contionem
466 3639 577 3693 deiecto
595 3656 651 3694 non
669 3641 723 3695 iam
742 3658 812 3711 opus
830 3647 892 3696 erat
910 3658 970 3695 eam
989 3657 1171 3697 summovere.
1209 3643 1328 3709 Zoegam
1347 3648 1422 3696 reete

286 3729 356 3792 puto
369 3724 474 3779 vidisse
492 3730 600 3794 partem
618 3728 701 3781 modo
720 3743 782 3781 esse
801 3727 913 3781 maioris
931 3728 1061 3796 imaginis
1079 3727 1131 3782 has
1149 3729 1220 3782 duas
1238 3727 1350 3795 figuras,
1372 3729 1422 3781 de-

288 3826 364 3876 esse,
392 3827 463 3881 quae
480 3813 706 3868 antecessissent.
745 3812 845 3883 Itaque
862 3813 974 3867 Thetim
998 3811 1157 3883 suspicatur
1175 3813 1211 3867 ab
1228 3809 1331 3868 Amore
1349 3830 1423 3870 novo

286 3897 396 3952 traduci
415 3900 523 3953 marito.
562 3898 616 3954 Sed
627 3889 709 3953 ¹unde
727 3898 830 3954 artifex
848 3898 952 3968 figuras
970 3902 1034 3954 illas
1052 3901 1214 3968 sumpserit,
1236 3906 1361 3971 apertum
1379 3901 1423 3958 vi-

288 3986 379 4048 detur,
395 3985 418 4039 si
432 4000 577 4053 comparas
590 3986 778 4056 sarcophagos
790 3987 897 4040 Lunam
917 3991 1159 4054 repraesentantes
1172 3989 1209 4041 ad
1221 3989 1423 4058 Endymionem

287 4078 407 4137 vectam,
427 4088 494 4141 prae
512 4073 613 4127 ceteris
629 4073 848 4127 lateranensem
867 4073 944 4127 illum
965 4071 1272 4138 <Benndorf-'Schoene‚
1292 4075 1346 4129 Die
1364 4080 1421 4130 ant.

287 4159 455 4214 Bildwerhe.
467 4161 493 4214 d.
506 4161 636 4215 Lateran.
650 4161 791 4215 Museums
810 4163 851 4212 54.
878 4161 985 4223 Canae,
1001 4161 1247 4230 Vorlegeblaetter
1264 4163 1307 4226 ll,
1323 4163 1423 4216 tab.12

288 4247 339 4300 No.
356 4249 394 4312 5),
416 4248 463 4316 qui
482 4247 581 4301 eodem
603 4245 661 4301 lere
680 4249 763 4302 modo
782 4247 897 4302 exhibet
914 4249 1020 4301 Lunam
1038 4249 1074 4302 ab
1092 4247 1195 4303 Amore
1213 4247 1375 4317 promotam.

342 4333 381 4400 **}
406 4337 466 4389 sala
485 4336 559 4390 delle
578 4335 667 4390 Muse.
704 4355 731 4391 v.
747 4336 895 4400 (mettani,
916 4336 952 4389 M.
968 4337 990 4389 I.
1013 4338 1078 4388 1785
1097 4354 1124 4406 p.
1139 4339 1168 4388 61
1191 4359 1221 4382 =
1242 4335 1288 4407 fig.
1302 4339 1327 4394 6,
