3250 5130
749 391 943 447 ..4-

279 570 364 634 Voce
390 608 427 618 -
453 571 629 655 pharetrati
652 591 799 656 pressere
823 571 951 637 silentia
974 572 1087 637 fratres
1109 611 1152 646 -,-

228 692 261 740 65
279 673 370 738 »Scis
393 679 443 755 ut,
469 681 599 758 mater,«
623 676 682 755 ait,
710 677 821 740 »nulla
843 676 921 740 mihi
944 675 1077 740 dextera
1099 675 1208 758 segnis

279 776 410 854 Militia;
437 799 657 862 quemcunque
680 779 843 843 hominum
867 778 1038 860 divumque
1062 779 1190 860 dedisti,

279 881 401 960 Uritur3
429 887 463 946 at
485 881 645 963 quondam
668 882 808 946 lacrimis
832 888 863 946 et
885 882 1029 965 supplice
1052 881 1165 946 dextra

279 983 321 1046 ut
342 984 425 1048 votis
448 985 662 1068 precibusque
684 985 786 1048 virum
810 983 948 1049 concede
970 985 1103 1067 moveri,
1215 987 1219 995 '

280 1087 307 1152 Ο
330 1088 493 1169 genetrixl
531 1087 609 1152 duro
631 1109 691 1153 nec
714 1088 798 1153 enim
822 1109 862 1152 ex
884 1088 1055 1152 adamante
1079 1088 1187 1166 creati,

229 1209 261 1256 uc
281 1189 346 1254 Sed
368 1197 424 1255 tua
446 1192 539 1256 turba
562 1211 681 1255 sumus,
731 1191 835 1256 clarus
858 1191 1017 1274 degente
1040 1191 1154 1256 Latina
1253 1227 1259 1240 ·

279 1294 338 1357 Est
359 1293 501 1375 iuvenis,
528 1314 622 1376 quem
645 1294 789 1378 patriciis
812 1294 985 1359 maioribus
1009 1301 1111 1358 crtum

180 1464 183 1472 s
278 1396 440 1461 Nobilitas
463 1397 578 1480 gavisa
600 1399 673 1462 tulit
695 1416 918 1481 praesagaque
941 1391 1063 1462 form'ae

278 1501 427 1564 Protinus
451 1521 468 1565 e
491 1507 598 1566 nostro
620 1501 727 1584 posuit
749 1501 939 1584 cognomina
961 1501 1069 1565 caelo:

278 1604 373 1667 Hunc
396 1611 522 1687 egomet
544 1609 610 1668 tcta
632 1641 675 1649 —
697 1595 845 1686 quoniam
869 1603 926 1668 tibi
948 1603 1042 1672 dulce
1064 1641 1105 1650 --
1128 1604 1280 1686 pharetra

120 1749 125 1761 ·
229 1725 260 1772 75
279 1707 445 1790 Improbus
468 1714 500 1772 et
522 1706 624 1771 densa
646 1706 860 1790 trepidantem
884 1706 1015 1790 cuspide
1038 1706 1105 1771 fixi.

279 1810 433 1887 Quamvis
455 1809 606 1874 Ausoniis
629 1811 763 1874 multum
787 1830 887 1892 gener
908 1810 964 1874 ille
987 1809 1106 1893 petitus

279 1912 449 1996 Manibus,
477 1911 603 1976 edomui
626 1912 744 1976 victum
768 1911 978 1996 dominaeque
1002 1913 1139 1995 potentis

279 2017 376 2080 Ferre
399 2016 510 2098 iugum
528 2014 566 2080 'et
587 2016 701 2098 longos
723 2015 803 2080 iussi
826 2035 957 2099 sperare
980 2035 1038 2099 per
1060 2035 1171 2079 annos.

278 2120 338 2183 Ast
359 2119 448 2184 illam
473 2139 598 2183 summa
620 2119 743 2198 leviter,
770 2118 816 2182 sic
838 2101 976 2200 namque
999 2118 1143 2196 iubebas,

228 2241 260 2289 ao
279 2223 446 2306 Lampade
469 2229 637 2306 paroentes
661 2228 692 2286 et
714 2222 807 2286 inerti
831 2222 1015 2286 strinximus
1038 2242 1125 2286 arcu.

279 2327 328 2389 Ex
350 2325 406 2389 illo
429 2332 564 2407 quantos
587 2325 714 2389 iuvenis
737 2331 861 2408 premat
883 2324 997 2388 anxius
1019 2325 1123 2406 ignee,

280 2428 386 2493 Testis
410 2449 470 2511 ego
494 2429 646 2494 attonitus
669 2434 823 2510 quantum
847 2448 898 2492 me
921 2433 1013 2492 nocte
1036 2426 1152 2509 dieque

280 2534 454 2616 Urgentem
476 2533 568 2597 ferat.
617 2531 703 2595 haud
725 2531 784 2596 ulli
806 2531 1024 2597 vehementior·
1041 2541 1196 2613 'umquam

279 2636 431 2718 Incubui,
458 2635 621 2718 genetrici,
647 2635 826 2717 iterataque
848 2636 984 2699 vulnera
1006 2633 1085 2700 fo'di.

228 2759 260 2807 85
280 2739 355 2803 Vidi
378 2760 439 2822 ego
464 2746 495 2804 et
516 2739 631 2804 immiti
654 2738 806 2824 cupidum
829 2738 995 2815 decurrere
1019 2759 1133 2822 campo

279 2841 530 2926 Hippomenem,
556 2861 616 2906 nec
638 2841 684 2906 sic
708 2849 794 2907 meta
816 2835 960 2926 pallebat
981 2841 1015 2904 in
1037 2841 1120 2925 ipsa.

278 2945 354 3009 Vidi
377 2951 408 3009 et
430 2945 581 3028 Abydeni
603 2945 730 3010 iuvenis
753 2943 909 3009 certantia
930 2944 1027 3009 remis

278 3048 416 3112 Brachia
438 3048 635 3132 laudavique
658 3068 772 3112 manus
796 3055 828 3112 et
850 3067 946 3132 saepe
969 3048 1094 3112 natanti

278 3151 431 3216 Praeluxi
453 3188 496 3198 —
518 3152 620 3216 minor·
642 3151 699 3216 ille
723 3153 819 3227 calor,
846 3171 908 3232 quo
932 3170 1031 3236 saeva
1053 3151 1205 3233 tepebant

277 3311 321 3318 ιι..-

365 3411 396 3460 67
417 3412 531 3465 tandem
555 3409 665 3463 coniecit
684 3408 788 3462 Markl.
813 3424 864 3478 pro
883 3408 1021 3477 quondam
1040 3410 1051 3474 ΙΙ
1070 3409 1102 3458 68
1120 3408 1158 3461 Et
1175 3409 1216 3461 A:
1238 3408 1291 3461 Pro
1309 3429 1325 3462 a
1342 3409 1346 3478 Ι
1361 3411 1415 3466 viri

277 3497 443 3550 Bernartius
454 3512 552 3550 nurum
561 3495 666 3550 Polster
677 3496 715 3561 (ia
725 3495 892 3564 Prope-amca.
905 3494 1141 3565 Woaqrowe'tzr'aco
1154 3497 1259 3561 alsus)
1276 3497 1287 3559 ΙΙ
1299 3498 1331 3547 69
1345 3497 1415 3550 duro

277 3613 311 3622 —
321 3585 467 3638 adamante
480 3585 522 3636 A:
542 3582 617 3635 nudo
628 3583 810 3636 -clamante
824 3599 840 3633 a
852 3584 863 3647 11
877 3584 908 3632 10
922 3598 1016 3636 sumus
1029 3583 1069 3634 A:
1091 3581 1177 3636 simus
1190 3600 1207 3633 a
1220 3575 1230 3646 ΙΙ
1244 3581 1273 3632 11
1288 3581 1415 3651 patriciis

797 3683 800 3690 ·
1146 3665 1177 3705 l'c

278 3740 314 3788 aa
331 3720 456 3790 patritiis
474 3720 605 3774 incertam
617 3724 660 3773 A:
682 3719 789 3787 patruis
809 3738 825 3772 a
842 3720 853 3783 ΙΙ
872 3721 905 3769 12
924 3717 1013 3773 forma
1032 3720 1060 3770 R
1083 3718 1182 3781 forma
1193 3719 1300 3783 111113
1319 3724 1349 3772 et
1368 3720 1396 3770 R
1475 3724 1479 3732 '

278 3811 311 3860 14
331 3823 383 3874 ego
402 3823 445 3861 me
460 3808 488 3860 R
502 3805 507 3876 1
523 3807 662 3874 quondam
675 3806 785 3859 RBMa
800 3823 870 3858 corr.
887 3805 1052 3858 Parrbasiae
1064 3807 1075 3868 ΙΙ
1088 3807 1119 3856 15
1133 3809 1214 3859 tensa
1225 3805 1307 3858 coluit
1316 3805 1415 3858 Koest—

277 3895 361 3948 liae'aa
383 3894 489 3958 (Philol.
509 3893 642 3958 XXXV,
663 3893 720 3956 526)
742 3894 753 3957 ΙΙ
772 3893 804 3944 18
823 3906 936 3958 sperare
949 3895 988 3944 A:
1010 3895 1138 3959 spectare
1157 3910 1173 3943 a
1192 3893 1202 3956 ΙΙ
1221 3893 1254 3943 80
1273 3891 1355 3945 inerti
1368 3894 1411 3943 A:

276 3980 410 4036 inermia
431 3983 442 4045 11
464 3981 496 4031 82
514 3979 652 4033 attonitus
670 3977 854 4032 A:·attonit0
875 3978 984 4031 RBMa
1005 3980 1016 4042 ΙΙ
1038 3978 1070 4028 84
1089 3976 1149 4031 fodi
1167 3980 1209 4032 A:
1230 3975 1300 4033 facti
1317 3997 1334 4031 a
1360 3977 1414 4032 feci

279 4067 409 4120 Haade'ae
435 4065 483 4119 fini
497 4066 642 4136 pleraeque
667 4065 726 4118 edd.
747 4067 758 4130 ll
781 4065 813 4116 86
831 4063 1016 4132 ¹Ippomencm
1036 4064 1133 4117 RBM
1150 4065 1353 4134 Hyppomenen
1377 4063 1412 4130 al

276 4153 305 4206 in
321 4154 377 4207 ima
392 4152 497 4206 Markl.
512 4153 523 4216 ΙΙ
540 4153 572 4203 81
586 4151 699 4206 abidcni
711 4151 756 4203 Ra
770 4149 889 4218 abydeni
901 4151 928 4204 B
940 4150 1063 4220 abydeni
1076 4149 1105 4201 ia
1121 4149 1223 4219 abydei
1237 4149 1414 4219 corcodrilli

277 4242 309 4291 88
322 4240 494 4293 BrachiaA:
516 4238 625 4292 Bracha
638 4255 654 4286 a
673 4239 684 4302 ΙΙ
699 4239 735 4288 89
755 4235 882 4290 Praeluxi
897 4237 936 4288 A:
958 4235 1085 4290 Praeulsi
1097 4235 1139 4300 R,
1160 4255 1192 4289 ca
1210 4255 1260 4306 quo
1274 4235 1414 4288 Passour'ue

276 4349 314 4416 (p.
331 4343 424 4402 XXI)
442 4340 580 4395 Praefulsi
599 4341 705 4394 restitui
720 4340 803 4392 voluit
821 4315 932 4394 Preluid
946 4342 974 4394 B
992 4339 1118 4394 Praelusi
1138 4359 1155 4392 a
