3250 5130
658 392 879 456 —13-.

200 577 483 644 demonstrandum
505 577 639 639 cinerum
661 577 701 659 (i)
724 577 911 659 simpliciter
932 576 1092 640 notionem
1116 577 1236 641 hebere
1259 597 1336 641 ean-

200 681 272 746 dem
296 703 391 765 quam
406 687 528 746 vestem
550 679 632 744 nihil
647 701 705 763 per
727 699 761 744 se
783 680 928 764 probant.
970 679 1170 743 Claudianus
1190 679 1273 743 enim
1294 679 1336 762 (in

199 786 388 869 Eutropium
410 785 436 867 Ι,
457 788 510 848 28:
538 777 634 866 rupte
661 783 840 852 Quirinales
869 791 994 845 sument
1016 785 1177 866 erpustnln
1206 783 1332 866 cinctus)

199 889 339 972 loquitur
368 888 408 952 de
446 887 606 951 consulari
635 892 741 962 veste,
783 906 866 967 quae
896 893 1016 950 certum
1045 887 1080 950 in
1109 886 1239 950 modum
1270 892 1339 950 erat

201 993 319 1069 einetc3
352 991 393 1056 cf.
428 991 518 1055 aliud
548 992 730 1074 exemplum
760 988 875 1054 Claud.
902 981 996 1054 Cous}
1029 991 1149 1054 Honor.
1179 991 1234 1072 IV,
1257 995 1333 1054 157:

201 1099 280 1180 Ipsa
314 1095 476 1166 Quirinali
503 1116 639 1176 perenne
672 1103 701 1156 te
732 1093 830 1156 cinnii
861 1092 989 1156 amicta.
1036 1093 1101 1157 Sed
1132 1093 1258 1157 etiamsi
1292 1093 1338 1157 sic

202 1205 289 1264 esset
317 1205 506 1282 usurpatum
537 1198 656 1260 eincnn
685 1196 936 1277 substantivum,
971 1204 1077 1261 tamen
1107 1195 1160 1260 hic
1188 1217 1251 1261 non
1276 1197 1337 1260 ha-

201 1303 293 1367 beret
321 1303 442 1384 locum,
469 1301 619 1382 quoniam
641 1321 705 1364 non
728 1301 829 1364 solum
852 1300 1051 1380 vestimenti,
1079 1299 1137 1364 sed
1158 1300 1256 1364 totius
1279 1321 1339 1383 ap-

203 1413 334 1489 paratus
370 1405 541 1487 requiritur
570 1405 666 1468 notio.
715 1404 928 1482 Quamobrem
958 1404 1066 1467 nullus
1096 1403 1219 1485 dubito,
1261 1404 1338 1484 quin

205 1529 276 1574 cum
312 1510 393 1573 Tan.
424 1509 530 1572 Fabro
567 1506 770 1572 scribendum
808 1507 850 1571 sit
886 1508 1031 1591 enltnqne
1068 1507 1202 1589 Latine,
1242 1528 1338 1588 quarn

204 1631 312 1676 vocem
329 1617 361 1676 et
377 1631 471 1692 quam
489 1608 710 1676 desideramus
727 1609 994 1692 significationem
1017 1611 1136 1674 habere
1157 1617 1189 1675 et
1207 1611 1338 1694 propius

204 1715 357 1780 accedere
380 1714 423 1779 ad
446 1714 589 1779 codicum
613 1713 802 1797 scripturam
824 1720 970 1797 apertum
994 1720 1052 1777 θεῖ.
1172 1783 1175 1788 ,

268 1819 306 1882 V.
326 1822 378 1882 60.
404 1818 554 1901 Sequitur
565 1819 655 1881 locus
671 1816 860 1882 coniecturis
876 1816 955 1880 satis
970 1835 1127 1899 superque
1143 1821 1335 1900 temptatus:
1358 1839 1389 1885 orl

441 1923 539 1984 Fessa
561 1921 643 1983 incer
664 1920 785 2002 Stratie,
811 1919 865 1982 nbi
886 1921 1041 2004 qnondam
1063 1920 1186 1982 conscie
1209 1922 1318 2002 ercheco

440 2026 573 2088 Lenrnie
596 2027 746 2108 deprenso
768 2033 933 2106 repsernnd
955 2023 1078 2086 vincula
1101 2025 1130 2086 le
1149 2031 1190 2086 te.

210 2129 266 2212 (sic
289 2129 464 2194 secundum
487 2129 639 2211 codices.)
681 2128 788 2192 Verba
810 2127 929 2190 tradita
951 2127 1027 2191 ferri
1049 2148 1112 2191 non
1134 2145 1228 2211 posse
1257 2128 1340 2192 inter

205 2252 315 2298 omnes
337 2252 421 2296 nunc
439 2231 570 2314 quidem
594 2231 763 2296 convenire
785 2231 950 2314 putabam,
973 2250 1044 2294 cum
1067 2231 1250 2314 nuperrime
1273 2232 1340 2313 legi

204 2335 414 2400 miserrimam
438 2333 658 2399 defensionem
681 2334 777 2398 totius
797 2333 858 2397 loci
873 2354 893 2396 a
909 2331 1114 2416 Bitschofsky
1130 2334 1337 2417 p1·olatam*).

205 2439 417 2517 Quamobrem
440 2459 504 2502 non
527 2457 800 2522 supervacaneum
823 2443 899 2521 puto
922 2437 1039 2519 omnia,
1066 2457 1148 2518 quae
1171 2438 1341 2521 perspicua

205 2548 297 2625 sunt,
325 2543 511 2626 explanare.
558 2541 663 2621 Atque
692 2540 829 2623 primum
853 2539 982 2621 quidem
1005 2539 1083 2620 quid
1113 2539 1174 2603 sibi
1197 2541 1266 2605 vult
1287 2543 1342 2603 de-

199 2669 317 2729 prenso
346 2647 443 2708 leetoi
485 2645 583 2710 Nullo
613 2645 697 2710 enirn
729 2644 823 2708 modo
853 2649 958 2727 potest
993 2643 1220 2724 deprehendere
1255 2643 1342 2708 idem

206 2751 315 2814 valere
338 2750 424 2832 quod
446 2749 579 2832 einpere,
606 2749 816 2826 cirenrndere;
851 2746 1080 2829 deprehendere
1103 2747 1188 2810 enim
1215 2765 1342 2830 semper

205 2853 304 2918 habet
317 2853 477 2917 notionem
494 2852 651 2935 capiendi7
668 2849 873 2933 assequendi,
890 2849 1102 2933 opprimendi.
1129 2850 1342 2927 Quamobrem
1408 2859 1410 2863 ’

204 2956 382 3022 rectissime
397 2955 608 3020 Marklandus
626 2955 786 3020 Gronovio
809 2954 1006 3039 comparanti
1022 2954 1206 3037 Thebllll,
1227 2957 1266 3018 63
1276 2974 1336 3037 sq:

205 3062 342 3124 nondnrn
370 3060 470 3122 radiis
500 3068 692 3123 monstratus
713 3059 838 3122 adulter
859 3059 966 3121 Foede
996 3066 1138 3121 cateneto
1161 3060 1264 3121 lueret
1290 3083 1342 3121 eo-

205 3164 302 3226 nnhie
324 3165 418 3246 lecte,
444 3163 624 3248 respondit:
661 3168 827 3228 catenatus
857 3162 960 3226 lectus
987 3168 1036 3226 θεῖ
1058 3161 1180 3226 catenis
1206 3162 1338 3246 cinctus,

206 3267 436 3346 circumdatus;
464 3265 640 3350 deprensus
662 3267 766 3331 lectus
789 3264 865 3348 quid
888 3265 939 3348 sit,
966 3265 1085 3330 nescio.

294 3369 419 3434 Deinde
450 3369 680 3452 deprehendere
714 3370 828 3432 leetnrn
857 3389 1029 3451 numquam
1062 3367 1150 3433 idem
1181 3373 1230 3432 θεῖ
1257 3371 1343 3451 quod

207 3474 437 3556 deprehendere
460 3496 521 3552 eor,
553 3473 608 3556 qni
634 3473 668 3535 in
692 3473 769 3535 lecto
798 3481 881 3553 sunt,
907 3492 1100 3553 quamquam
1131 3472 1342 3536 certissimum

207 3583 257 3642 θεῖ
280 3577 393 3640 lecton
415 3597 473 3660 pro
488 3564 630 3659 eeninpio
646 3581 833 3660 usurpatum
850 3593 933 3640 esse.
969 3575 1059 3652 Quae
1075 3575 1182 3638 omnia
1197 3575 1343 3641 Handius

207 3701 280 3746 cum
302 3681 526 3762 intellexisset,
554 3680 701 3764 scripsit:
727 3679 850 3742 conseia
872 3679 982 3761 cnlpae

377 3785 511 3848 Lernnie
533 3785 703 3867 deprensae
725 3791 891 3866 repserunt
915 3783 1039 3846 cinerde
1062 3783 1151 3846 lecte.

294 3889 365 3966 Qua
387 3890 570 3954 coniectura
592 3909 664 3953 cum
694 3907 797 3952 novus
820 3888 951 3952 affertur
976 3885 1053 3951 ordo
1075 3887 1243 3951 verborum
1267 3908 1342 3952 con·

206 3999 307 4058 tortus
329 4000 396 4058 tum
419 3998 530 4058 vetera
553 3999 720 4058 servantur
746 3991 863 4056 menda
892 3991 925 4055 in
949 3991 1083 4072 duobus,
1110 3997 1145 4055 ut
1166 3999 1252 4076 puto,
1280 3992 1343 4056 sita

206 4097 325 4164 Verbis.
378 4099 503 4178 Repere
533 4097 618 4162 enim
648 4103 698 4161 est
726 4095 813 4160 humi
847 4117 983 4177 serpere,
1016 4096 1105 4158 tarde
1131 4095 1261 4176 prodire
1289 4095 1342 4159 vel

294 4325 315 4384 *l
337 4320 451 4375 Wiener
469 4320 589 4374 Studien
606 4320 751 4388 Jalrrgang
769 4319 812 4384 Il,
833 4317 900 4371 Heft
919 4321 943 4370 2.
