<?xml version="1.0" encoding="UTF-8"?>
<!DOCTYPE html PUBLIC "-//W3C//DTD XHTML 1.0 Transitional//EN"
    "http://www.w3.org/TR/xhtml1/DTD/xhtml1-transitional.dtd">
<html xmlns="http://www.w3.org/1999/xhtml" xml:lang="en" lang="en">
 <head>
  <title>
</title>
<meta http-equiv="Content-Type" content="text/html;charset=utf-8" />
  <meta name='ocr-system' content='tesseract 3.04.00' />
  <meta name='ocr-capabilities' content='ocr_page ocr_carea ocr_par ocr_line ocrx_word'/>
</head>
<body>
  <div class='ocr_page' id='page_1' title='image "./statiepithalami00statgoog_0010.png"; bbox 0 0 3250 5130; ppageno 0'>
   <div class='ocr_carea' id='block_1_1' title="bbox 201 936 1340 1788">
    <p class='ocr_par' dir='ltr' id='par_1_1' title="bbox 377 936 1154 1012">
     <span class='ocr_line' id='line_1_1' title="bbox 377 936 1154 1012; baseline -0.006 -14"><span class='ocrx_word' id='word_1_1' title='bbox 377 941 411 998; x_wconf 93' lang='lat' dir='ltr'>In</span> <span class='ocrx_word' id='word_1_2' title='bbox 434 943 518 998; x_wconf 88' lang='lat' dir='ltr'>textu</span> <span class='ocrx_word' id='word_1_3' title='bbox 540 937 747 997; x_wconf 89' lang='lat' dir='ltr'>constituendo</span> <span class='ocrx_word' id='word_1_4' title='bbox 770 936 851 996; x_wconf 90' lang='lat' dir='ltr'>hisce</span> <span class='ocrx_word' id='word_1_5' title='bbox 873 954 944 996; x_wconf 89' lang='lat' dir='ltr'>usus</span> <span class='ocrx_word' id='word_1_6' title='bbox 967 954 1031 995; x_wconf 87' lang='lat' dir='ltr'>sum</span> <span class='ocrx_word' id='word_1_7' title='bbox 1055 936 1154 1012; x_wconf 80' lang='lat' dir='ltr'>siglis:</span> 
     </span>
    </p>

    <p class='ocr_par' dir='ltr' id='par_1_2' title="bbox 201 1027 1340 1700">
     <span class='ocr_line' id='line_1_2' title="bbox 1147 1027 1156 1051; baseline 0 0"><span class='ocrx_word' id='word_1_8' title='bbox 1147 1027 1156 1051; x_wconf 60' lang='grc' dir='ltr'><strong>Ν</strong></span> 
     </span>
     <span class='ocr_line' id='line_1_3' title="bbox 201 1111 1339 1184; baseline -0.005 -14"><span class='ocrx_word' id='word_1_9' title='bbox 201 1114 230 1170; x_wconf 87' lang='grc' dir='ltr'><em>Α</em></span> <span class='ocrx_word' id='word_1_10' title='bbox 267 1115 407 1184; x_wconf 83' lang='lat' dir='ltr'>significat</span> <span class='ocrx_word' id='word_1_11' title='bbox 426 1131 474 1169; x_wconf 90' lang='lat' dir='ltr'>eas</span> <span class='ocrx_word' id='word_1_12' title='bbox 493 1115 722 1176; x_wconf 84' lang='lat' dir='ltr'>»adnotati0nes,</span> <span class='ocrx_word' id='word_1_13' title='bbox 743 1128 813 1183; x_wconf 91' lang='lat' dir='ltr'>quas</span> <span class='ocrx_word' id='word_1_14' title='bbox 831 1117 881 1166; x_wconf 91' lang='lat' dir='ltr'>aut</span> <span class='ocrx_word' id='word_1_15' title='bbox 898 1116 975 1166; x_wconf 85' lang='lat' dir='ltr'>certo</span> <span class='ocrx_word' id='word_1_16' title='bbox 993 1115 1105 1166; x_wconf 87' lang='lat' dir='ltr'>constat</span> <span class='ocrx_word' id='word_1_17' title='bbox 1122 1116 1172 1166; x_wconf 89' lang='lat' dir='ltr'>aut</span> <span class='ocrx_word' id='word_1_18' title='bbox 1195 1111 1339 1179; x_wconf 80' lang='lat' dir='ltr'>probabile</span> 
     </span>
     <span class='ocr_line' id='line_1_4' title="bbox 304 1197 1340 1270; baseline -0.006 -13"><span class='ocrx_word' id='word_1_19' title='bbox 304 1208 348 1257; x_wconf 91' lang='lat' dir='ltr'>est</span> <span class='ocrx_word' id='word_1_20' title='bbox 365 1202 401 1256; x_wconf 91' lang='lat' dir='ltr'>ab</span> <span class='ocrx_word' id='word_1_21' title='bbox 419 1202 481 1270; x_wconf 89' lang='lat' dir='ltr'>ipso</span> <span class='ocrx_word' id='word_1_22' title='bbox 494 1201 635 1255; x_wconf 90' lang='lat' dir='ltr'>Politiano</span> <span class='ocrx_word' id='word_1_23' title='bbox 653 1215 688 1254; x_wconf 81' lang='lat' dir='ltr'>ex</span> <span class='ocrx_word' id='word_1_24' title='bbox 701 1215 734 1254; x_wconf 90' lang='lat' dir='ltr'>eo</span> <span class='ocrx_word' id='word_1_25' title='bbox 753 1215 808 1268; x_wconf 90' lang='lat' dir='ltr'>qno</span> <span class='ocrx_word' id='word_1_26' title='bbox 826 1199 850 1252; x_wconf 93' lang='lat' dir='ltr'>is</span> <span class='ocrx_word' id='word_1_27' title='bbox 868 1199 1001 1254; x_wconf 89' lang='lat' dir='ltr'>utebatur</span> <span class='ocrx_word' id='word_1_28' title='bbox 1012 1199 1108 1252; x_wconf 92' lang='lat' dir='ltr'>codice</span> <span class='ocrx_word' id='word_1_29' title='bbox 1125 1197 1272 1267; x_wconf 88' lang='lat' dir='ltr'>deperdito</span> <span class='ocrx_word' id='word_1_30' title='bbox 1291 1213 1340 1251; x_wconf 84' lang='lat' dir='ltr'>ex-</span> 
     </span>
     <span class='ocr_line' id='line_1_5' title="bbox 303 1284 1340 1357; baseline -0.005 -16"><span class='ocrx_word' id='word_1_31' title='bbox 303 1291 422 1357; x_wconf 87' lang='lat' dir='ltr'>scriptas</span> <span class='ocrx_word' id='word_1_32' title='bbox 435 1303 522 1342; x_wconf 85' lang='lat' dir='ltr'>esse«</span> <span class='ocrx_word' id='word_1_33' title='bbox 546 1286 621 1351; x_wconf 77' lang='lat' dir='ltr'>eras</span> <span class='ocrx_word' id='word_1_34' title='bbox 635 1285 845 1340; x_wconf 83' lang='lat' dir='ltr'>Studemundos</span> <span class='ocrx_word' id='word_1_35' title='bbox 863 1302 924 1340; x_wconf 90' lang='lat' dir='ltr'>cum</span> <span class='ocrx_word' id='word_1_36' title='bbox 943 1285 1003 1354; x_wconf 92' lang='lat' dir='ltr'>ipse</span> <span class='ocrx_word' id='word_1_37' title='bbox 1015 1285 1122 1339; x_wconf 86' lang='lat' dir='ltr'>Romae</span> <span class='ocrx_word' id='word_1_38' title='bbox 1141 1301 1176 1338; x_wconf 87' lang='lat' dir='ltr'>ex</span> <span class='ocrx_word' id='word_1_39' title='bbox 1188 1284 1340 1353; x_wconf 85' lang='lat' dir='ltr'>exemplari</span> 
     </span>
     <span class='ocr_line' id='line_1_6' title="bbox 303 1371 1338 1442; baseline -0.005 -14"><span class='ocrx_word' id='word_1_40' title='bbox 303 1375 351 1428; x_wconf 93' lang='lat' dir='ltr'>illo</span> <span class='ocrx_word' id='word_1_41' title='bbox 376 1374 540 1430; x_wconf 83' lang='lat' dir='ltr'>Corsiniano</span> <span class='ocrx_word' id='word_1_42' title='bbox 563 1389 653 1442; x_wconf 89' lang='lat' dir='ltr'>usque</span> <span class='ocrx_word' id='word_1_43' title='bbox 680 1375 717 1427; x_wconf 91' lang='lat' dir='ltr'>ad</span> <span class='ocrx_word' id='word_1_44' title='bbox 742 1387 853 1426; x_wconf 88' lang='lat' dir='ltr'>versum</span> <span class='ocrx_word' id='word_1_45' title='bbox 873 1373 918 1422; x_wconf 87' lang='lat'>181</span> <span class='ocrx_word' id='word_1_46' title='bbox 946 1371 1155 1426; x_wconf 78' lang='lat' dir='ltr'><strong>accuratissime</strong></span> <span class='ocrx_word' id='word_1_47' title='bbox 1185 1375 1338 1433; x_wconf 82' lang='lat' dir='ltr'>enatasset,</span> 
     </span>
     <span class='ocr_line' id='line_1_7' title="bbox 303 1456 1340 1529; baseline -0.005 -14"><span class='ocrx_word' id='word_1_48' title='bbox 303 1477 409 1515; x_wconf 89' lang='lat' dir='ltr'>summa</span> <span class='ocrx_word' id='word_1_49' title='bbox 432 1477 494 1515; x_wconf 91' lang='lat' dir='ltr'>cum</span> <span class='ocrx_word' id='word_1_50' title='bbox 521 1461 667 1524; x_wconf 89' lang='lat' dir='ltr'>comitate,</span> <span class='ocrx_word' id='word_1_51' title='bbox 696 1475 754 1529; x_wconf 90' lang='lat' dir='ltr'>quo</span> <span class='ocrx_word' id='word_1_52' title='bbox 774 1463 897 1526; x_wconf 87' lang='lat' dir='ltr'>tempore</span> <span class='ocrx_word' id='word_1_53' title='bbox 922 1458 997 1527; x_wconf 89' lang='lat' dir='ltr'>apud</span> <span class='ocrx_word' id='word_1_54' title='bbox 1022 1473 1082 1511; x_wconf 93' lang='lat' dir='ltr'>eum</span> <span class='ocrx_word' id='word_1_55' title='bbox 1103 1457 1244 1522; x_wconf 86' lang='lat' dir='ltr'>versabar,</span> <span class='ocrx_word' id='word_1_56' title='bbox 1273 1456 1340 1510; x_wconf 90' lang='lat' dir='ltr'>mihi</span> 
     </span>
     <span class='ocr_line' id='line_1_8' title="bbox 302 1533 1340 1614; baseline -0.003 -13"><span class='ocrx_word' id='word_1_57' title='bbox 302 1549 428 1602; x_wconf 89' lang='lat' dir='ltr'>dietavit.</span> <span class='ocrx_word' id='word_1_58' title='bbox 464 1547 541 1612; x_wconf 80' lang='lat' dir='ltr'>erae</span> <span class='ocrx_word' id='word_1_59' title='bbox 559 1551 704 1614; x_wconf 88' lang='lat' dir='ltr'>practerea</span> <span class='ocrx_word' id='word_1_60' title='bbox 723 1548 758 1600; x_wconf 90' lang='lat' dir='ltr'>de</span> <span class='ocrx_word' id='word_1_61' title='bbox 775 1548 801 1598; x_wconf 83' lang='grc' dir='ltr'><em>Α</em></span> <span class='ocrx_word' id='word_1_62' title='bbox 820 1544 987 1608; x_wconf 84' lang='lat' dir='ltr'>referuntur,</span> <span class='ocrx_word' id='word_1_63' title='bbox 1008 1545 1107 1614; x_wconf 88' lang='lat' dir='ltr'>partim</span> <span class='ocrx_word' id='word_1_64' title='bbox 1127 1560 1161 1598; x_wconf 89' lang='lat' dir='ltr'>ex</span> <span class='ocrx_word' id='word_1_65' title='bbox 1180 1533 1340 1612; x_wconf 86' lang='lat' dir='ltr'>Hauptiana</span> 
     </span>
     <span class='ocr_line' id='line_1_9' title="bbox 303 1631 1340 1700; baseline -0.002 -14"><span class='ocrx_word' id='word_1_66' title='bbox 303 1634 352 1687; x_wconf 92' lang='lat' dir='ltr'>illa</span> <span class='ocrx_word' id='word_1_67' title='bbox 371 1634 519 1688; x_wconf 90' lang='lat' dir='ltr'>collatione</span> <span class='ocrx_word' id='word_1_68' title='bbox 538 1632 797 1699; x_wconf 77' lang='lat' dir='ltr'>{luxeruntpartim</span> <span class='ocrx_word' id='word_1_69' title='bbox 816 1633 909 1687; x_wconf 87' lang='lat' dir='ltr'>Mauio</span> <span class='ocrx_word' id='word_1_70' title='bbox 934 1632 1038 1696; x_wconf 90' lang='lat' dir='ltr'>debeo,</span> <span class='ocrx_word' id='word_1_71' title='bbox 1060 1632 1108 1700; x_wconf 84' lang='lat' dir='ltr'>qui</span> <span class='ocrx_word' id='word_1_72' title='bbox 1126 1647 1202 1685; x_wconf 91' lang='lat' dir='ltr'>meos</span> <span class='ocrx_word' id='word_1_73' title='bbox 1225 1631 1254 1684; x_wconf 92' lang='lat' dir='ltr'>in</span> <span class='ocrx_word' id='word_1_74' title='bbox 1272 1646 1340 1684; x_wconf 88' lang='lat' dir='ltr'>usus</span> 
     </span>
    </p>

    <p class='ocr_par' dir='ltr' id='par_1_3' title="bbox 302 1719 1041 1788">
     <span class='ocr_line' id='line_1_10' title="bbox 302 1719 1041 1788; baseline -0.005 -13"><span class='ocrx_word' id='word_1_75' title='bbox 302 1721 415 1775; x_wconf 90' lang='lat' dir='ltr'>Duhnio</span> <span class='ocrx_word' id='word_1_76' title='bbox 433 1721 629 1776; x_wconf 77' lang='lat' dir='ltr'>intercedente</span> <span class='ocrx_word' id='word_1_77' title='bbox 648 1721 795 1775; x_wconf 89' lang='lat' dir='ltr'>nonnullos</span> <span class='ocrx_word' id='word_1_78' title='bbox 814 1719 938 1788; x_wconf 84' lang='lat' dir='ltr'>inspexit</span> <span class='ocrx_word' id='word_1_79' title='bbox 955 1719 1041 1772; x_wconf 88' lang='lat' dir='ltr'>locos.</span> 
     </span>
    </p>
   </div>
   <div class='ocr_carea' id='block_1_2' title="bbox 198 1815 1339 2143">
    <p class='ocr_par' dir='ltr' id='par_1_4' title="bbox 198 1815 1339 2143">
     <span class='ocr_line' id='line_1_11' title="bbox 198 1815 1337 1885; baseline -0.006 -16"><span class='ocrx_word' id='word_1_80' title='bbox 198 1835 216 1870; x_wconf 83' lang='lat' dir='ltr'>a</span> <span class='ocrx_word' id='word_1_81' title='bbox 266 1816 397 1870; x_wconf 81' lang='lat' dir='ltr'>editionis</span> <span class='ocrx_word' id='word_1_82' title='bbox 421 1817 555 1885; x_wconf 88' lang='lat' dir='ltr'>principis</span> <span class='ocrx_word' id='word_1_83' title='bbox 573 1817 708 1870; x_wconf 85' lang='lat' dir='ltr'>lectiones</span> <span class='ocrx_word' id='word_1_84' title='bbox 733 1829 870 1882; x_wconf 84' lang='lat' dir='ltr'>semper</span> <span class='ocrx_word' id='word_1_85' title='bbox 895 1815 1033 1868; x_wconf 89' lang='lat' dir='ltr'>accedunt</span> <span class='ocrx_word' id='word_1_86' title='bbox 1050 1815 1087 1867; x_wconf 91' lang='lat' dir='ltr'>ad</span> <span class='ocrx_word' id='word_1_87' title='bbox 1107 1828 1204 1868; x_wconf 90' lang='lat' dir='ltr'>versus</span> <span class='ocrx_word' id='word_1_88' title='bbox 1221 1815 1337 1876; x_wconf 83' lang='lat'>1-181,</span> 
     </span>
     <span class='ocr_line' id='line_1_12' title="bbox 302 1899 1339 1972; baseline -0.005 -16"><span class='ocrx_word' id='word_1_89' title='bbox 302 1919 337 1956; x_wconf 88' lang='lat' dir='ltr'>ex</span> <span class='ocrx_word' id='word_1_90' title='bbox 356 1919 411 1972; x_wconf 86' lang='lat' dir='ltr'>quo</span> <span class='ocrx_word' id='word_1_91' title='bbox 430 1904 587 1956; x_wconf 73' lang='lat' dir='ltr'>accuratius</span> <span class='ocrx_word' id='word_1_92' title='bbox 612 1903 718 1972; x_wconf 91' lang='lat' dir='ltr'>aliquid</span> <span class='ocrx_word' id='word_1_93' title='bbox 737 1901 904 1955; x_wconf 86' lang='lat' dir='ltr'>concludere</span> <span class='ocrx_word' id='word_1_94' title='bbox 929 1900 1014 1958; x_wconf 91' lang='lat' dir='ltr'>liceat</span> <span class='ocrx_word' id='word_1_95' title='bbox 1033 1901 1067 1954; x_wconf 92' lang='lat' dir='ltr'>de</span> <span class='ocrx_word' id='word_1_96' title='bbox 1085 1899 1218 1954; x_wconf 89' lang='lat' dir='ltr'>Politiani</span> <span class='ocrx_word' id='word_1_97' title='bbox 1242 1901 1271 1953; x_wconf 91' lang='lat' dir='ltr'>in</span> <span class='ocrx_word' id='word_1_98' title='bbox 1289 1914 1339 1952; x_wconf 92' lang='lat' dir='ltr'>an-</span> 
     </span>
     <span class='ocr_line' id='line_1_13' title="bbox 302 1985 1339 2058; baseline -0.004 -16"><span class='ocrx_word' id='word_1_99' title='bbox 302 1990 380 2058; x_wconf 88' lang='lat' dir='ltr'>tiquo</span> <span class='ocrx_word' id='word_1_100' title='bbox 398 1990 497 2044; x_wconf 86' lang='lat' dir='ltr'>codice</span> <span class='ocrx_word' id='word_1_101' title='bbox 515 1987 685 2044; x_wconf 87' lang='lat' dir='ltr'>conferendo</span> <span class='ocrx_word' id='word_1_102' title='bbox 698 2003 764 2044; x_wconf 89' lang='lat' dir='ltr'>cura</span> <span class='ocrx_word' id='word_1_103' title='bbox 777 1992 805 2041; x_wconf 90' lang='lat' dir='ltr'>ct</span> <span class='ocrx_word' id='word_1_104' title='bbox 818 1986 974 2054; x_wconf 85' lang='lat' dir='ltr'>diligentia.</span> <span class='ocrx_word' id='word_1_105' title='bbox 995 1986 1053 2039; x_wconf 89' lang='lat' dir='ltr'>Iam</span> <span class='ocrx_word' id='word_1_106' title='bbox 1066 1985 1131 2039; x_wconf 88' lang='lat' dir='ltr'>inde</span> <span class='ocrx_word' id='word_1_107' title='bbox 1143 1986 1179 2039; x_wconf 90' lang='lat' dir='ltr'>ab</span> <span class='ocrx_word' id='word_1_108' title='bbox 1192 1985 1244 2040; x_wconf 90' lang='lat' dir='ltr'>hoc</span> <span class='ocrx_word' id='word_1_109' title='bbox 1257 2001 1339 2038; x_wconf 89' lang='lat' dir='ltr'>versu</span> 
     </span>
     <span class='ocr_line' id='line_1_14' title="bbox 302 2072 1326 2143; baseline -0.005 -14"><span class='ocrx_word' id='word_1_110' title='bbox 302 2091 398 2129; x_wconf 89' lang='lat' dir='ltr'>omnes</span> <span class='ocrx_word' id='word_1_111' title='bbox 411 2076 558 2130; x_wconf 88' lang='lat' dir='ltr'>verborum</span> <span class='ocrx_word' id='word_1_112' title='bbox 571 2075 787 2143; x_wconf 82' lang='lat' dir='ltr'>depravationes</span> <span class='ocrx_word' id='word_1_113' title='bbox 806 2073 834 2126; x_wconf 92' lang='lat' dir='ltr'>in</span> <span class='ocrx_word' id='word_1_114' title='bbox 853 2092 870 2125; x_wconf 82' lang='lat' dir='ltr'>a</span> <span class='ocrx_word' id='word_1_115' title='bbox 888 2073 949 2126; x_wconf 88' lang='lat' dir='ltr'>sola</span> <span class='ocrx_word' id='word_1_116' title='bbox 967 2077 1095 2127; x_wconf 89' lang='lat' dir='ltr'>extantes</span> <span class='ocrx_word' id='word_1_117' title='bbox 1113 2072 1233 2127; x_wconf 88' lang='lat' dir='ltr'>omissae</span> <span class='ocrx_word' id='word_1_118' title='bbox 1252 2077 1326 2126; x_wconf 89' lang='lat' dir='ltr'>sunt.</span> 
     </span>
    </p>
   </div>
   <div class='ocr_carea' id='block_1_3' title="bbox 200 2167 1033 2238">
    <p class='ocr_par' dir='ltr' id='par_1_5' title="bbox 200 2167 1033 2238">
     <span class='ocr_line' id='line_1_15' title="bbox 200 2167 1033 2238; baseline -0.006 -14"><span class='ocrx_word' id='word_1_119' title='bbox 200 2167 229 2224; x_wconf 83' lang='lat' dir='ltr'><em>R</em></span> <span class='ocrx_word' id='word_1_120' title='bbox 266 2169 371 2225; x_wconf 90' lang='lat' dir='ltr'>codicis</span> <span class='ocrx_word' id='word_1_121' title='bbox 389 2169 579 2238; x_wconf 85' lang='lat' dir='ltr'>Rehdigerani</span> <span class='ocrx_word' id='word_1_122' title='bbox 598 2169 798 2236; x_wconf 86' lang='lat' dir='ltr'>benignissime</span> <span class='ocrx_word' id='word_1_123' title='bbox 816 2167 1033 2235; x_wconf 84' lang='lat' dir='ltr'>Zangemeister,</span> 
     </span>
    </p>
   </div>
   <div class='ocr_carea' id='block_1_4' title="bbox 202 2261 1340 2850">
    <p class='ocr_par' dir='ltr' id='par_1_6' title="bbox 202 2261 1340 2592">
     <span class='ocr_line' id='line_1_16' title="bbox 202 2261 1340 2329; baseline -0.001 -11"><span class='ocrx_word' id='word_1_124' title='bbox 202 2261 242 2318; x_wconf 90' lang='lat' dir='ltr'><em>M</em></span> <span class='ocrx_word' id='word_1_125' title='bbox 266 2265 370 2320; x_wconf 91' lang='lat' dir='ltr'>codicis</span> <span class='ocrx_word' id='word_1_126' title='bbox 388 2264 560 2319; x_wconf 75' lang='lat' dir='ltr'>Matritensis</span> <span class='ocrx_word' id='word_1_127' title='bbox 587 2264 642 2329; x_wconf 77' lang='grc' dir='ltr'>(Μ,</span> <span class='ocrx_word' id='word_1_128' title='bbox 658 2266 685 2316; x_wconf 88' lang='grc'>31</span> <span class='ocrx_word' id='word_1_129' title='bbox 710 2263 759 2317; x_wconf 90' lang='lat' dir='ltr'>fol.</span> <span class='ocrx_word' id='word_1_130' title='bbox 779 2263 845 2316; x_wconf 91' lang='lat' dir='ltr'>min.</span> <span class='ocrx_word' id='word_1_131' title='bbox 865 2263 953 2320; x_wconf 89' lang='lat' dir='ltr'>chart.</span> <span class='ocrx_word' id='word_1_132' title='bbox 975 2277 1048 2317; x_wconf 90' lang='lat' dir='ltr'>saec.</span> <span class='ocrx_word' id='word_1_133' title='bbox 1064 2277 1104 2317; x_wconf 80' lang='lat' dir='ltr'>xv</span> <span class='ocrx_word' id='word_1_134' title='bbox 1122 2264 1151 2316; x_wconf 92' lang='lat' dir='ltr'>in</span> <span class='ocrx_word' id='word_1_135' title='bbox 1170 2261 1340 2317; x_wconf 90' lang='lat' dir='ltr'>bibliotheca</span> 
     </span>
     <span class='ocr_line' id='line_1_17' title="bbox 301 2349 1340 2418; baseline -0.002 -14"><span class='ocrx_word' id='word_1_136' title='bbox 301 2351 450 2414; x_wconf 82' lang='lat' dir='ltr'>nationali)</span> <span class='ocrx_word' id='word_1_137' title='bbox 475 2367 581 2406; x_wconf 90' lang='lat' dir='ltr'>summa</span> <span class='ocrx_word' id='word_1_138' title='bbox 609 2366 671 2404; x_wconf 89' lang='lat' dir='ltr'>cum</span> <span class='ocrx_word' id='word_1_139' title='bbox 696 2350 866 2404; x_wconf 90' lang='lat' dir='ltr'>liberalitate</span> <span class='ocrx_word' id='word_1_140' title='bbox 891 2349 1020 2404; x_wconf 86' lang='lat' dir='ltr'>Loewius</span> <span class='ocrx_word' id='word_1_141' title='bbox 1051 2349 1119 2402; x_wconf 87' lang='lat' dir='ltr'>milri</span> <span class='ocrx_word' id='word_1_142' title='bbox 1146 2349 1340 2418; x_wconf 89' lang='lat' dir='ltr'>suppeditavit</span> 
     </span>
     <span class='ocr_line' id='line_1_18' title="bbox 302 2434 1338 2505; baseline 0 -17"><span class='ocrx_word' id='word_1_143' title='bbox 302 2437 445 2490; x_wconf 86' lang='lat' dir='ltr'>lectiones.</span> <span class='ocrx_word' id='word_1_144' title='bbox 483 2437 564 2491; x_wconf 91' lang='lat' dir='ltr'>Hunc</span> <span class='ocrx_word' id='word_1_145' title='bbox 591 2437 715 2494; x_wconf 86' lang='lat' dir='ltr'>codicem</span> <span class='ocrx_word' id='word_1_146' title='bbox 745 2436 780 2488; x_wconf 89' lang='lat' dir='ltr'>ab</span> <span class='ocrx_word' id='word_1_147' title='bbox 805 2436 866 2505; x_wconf 93' lang='lat' dir='ltr'>ipso</span> <span class='ocrx_word' id='word_1_148' title='bbox 897 2439 1036 2504; x_wconf 88' lang='lat' dir='ltr'>repertum</span> <span class='ocrx_word' id='word_1_149' title='bbox 1066 2435 1199 2504; x_wconf 91' lang='lat' dir='ltr'>optimum</span> <span class='ocrx_word' id='word_1_150' title='bbox 1224 2434 1268 2488; x_wconf 89' lang='lat' dir='ltr'>vir</span> <span class='ocrx_word' id='word_1_151' title='bbox 1291 2435 1338 2488; x_wconf 92' lang='lat' dir='ltr'>ille</span> 
     </span>
     <span class='ocr_line' id='line_1_19' title="bbox 302 2520 1275 2592; baseline -0.001 -17"><span class='ocrx_word' id='word_1_152' title='bbox 302 2523 400 2576; x_wconf 91' lang='lat' dir='ltr'>doctus</span> <span class='ocrx_word' id='word_1_153' title='bbox 419 2528 501 2592; x_wconf 87' lang='lat' dir='ltr'>putat</span> <span class='ocrx_word' id='word_1_154' title='bbox 519 2538 628 2586; x_wconf 91' lang='lat' dir='ltr'>eorum,</span> <span class='ocrx_word' id='word_1_155' title='bbox 649 2537 719 2590; x_wconf 89' lang='lat' dir='ltr'>quos</span> <span class='ocrx_word' id='word_1_156' title='bbox 736 2521 925 2576; x_wconf 88' lang='lat' dir='ltr'>Baehrensins</span> <span class='ocrx_word' id='word_1_157' title='bbox 945 2522 996 2576; x_wconf 88' lang='lat' dir='ltr'>sub</span> <span class='ocrx_word' id='word_1_158' title='bbox 1016 2521 1038 2576; x_wconf 81' lang='lat' dir='ltr'><strong>G</strong></span> <span class='ocrx_word' id='word_1_159' title='bbox 1057 2520 1275 2591; x_wconf 88' lang='lat' dir='ltr'>comprehcndit.</span> 
     </span>
    </p>

    <p class='ocr_par' dir='ltr' id='par_1_7' title="bbox 301 2606 1337 2850">
     <span class='ocr_line' id='line_1_20' title="bbox 330 2606 1337 2678; baseline -0.002 -16"><span class='ocrx_word' id='word_1_160' title='bbox 330 2665 334 2670; x_wconf 74' lang='grc'><em>,</em></span> <span class='ocrx_word' id='word_1_161' title='bbox 353 2608 506 2677; x_wconf 85' lang='lat' dir='ltr'>Utriusque</span> <span class='ocrx_word' id='word_1_162' title='bbox 524 2608 630 2662; x_wconf 90' lang='lat' dir='ltr'>codicis</span> <span class='ocrx_word' id='word_1_163' title='bbox 649 2608 854 2676; x_wconf 84' lang='lat' dir='ltr'>praetermissis</span> <span class='ocrx_word' id='word_1_164' title='bbox 872 2606 1015 2678; x_wconf 85' lang='lat' dir='ltr'>plerisque</span> <span class='ocrx_word' id='word_1_165' title='bbox 1034 2609 1188 2676; x_wconf 88' lang='lat' dir='ltr'>scripturae</span> <span class='ocrx_word' id='word_1_166' title='bbox 1213 2608 1337 2662; x_wconf 91' lang='lat' dir='ltr'>minutiis</span> 
     </span>
     <span class='ocr_line' id='line_1_21' title="bbox 301 2693 1337 2763; baseline 0.001 -17"><span class='ocrx_word' id='word_1_167' title='bbox 301 2694 506 2763; x_wconf 86' lang='lat' dir='ltr'>levissimisque</span> <span class='ocrx_word' id='word_1_168' title='bbox 519 2694 659 2748; x_wconf 91' lang='lat' dir='ltr'>erroribus</span> <span class='ocrx_word' id='word_1_169' title='bbox 672 2695 733 2749; x_wconf 91' lang='lat' dir='ltr'>sive</span> <span class='ocrx_word' id='word_1_170' title='bbox 745 2711 762 2747; x_wconf 89' lang='lat' dir='ltr'>a</span> <span class='ocrx_word' id='word_1_171' title='bbox 773 2693 886 2748; x_wconf 90' lang='lat' dir='ltr'>librario</span> <span class='ocrx_word' id='word_1_172' title='bbox 899 2695 961 2763; x_wconf 91' lang='lat' dir='ltr'>ipso</span> <span class='ocrx_word' id='word_1_173' title='bbox 975 2695 1069 2748; x_wconf 91' lang='lat' dir='ltr'>statim</span> <span class='ocrx_word' id='word_1_174' title='bbox 1082 2693 1216 2748; x_wconf 85' lang='lat' dir='ltr'>correctis</span> <span class='ocrx_word' id='word_1_175' title='bbox 1228 2693 1288 2748; x_wconf 91' lang='lat' dir='ltr'>sive</span> <span class='ocrx_word' id='word_1_176' title='bbox 1301 2693 1337 2747; x_wconf 90' lang='lat' dir='ltr'>ab</span> 
     </span>
     <span class='ocr_line' id='line_1_22' title="bbox 302 2779 1309 2850; baseline -0.002 -17"><span class='ocrx_word' id='word_1_177' title='bbox 302 2780 377 2840; x_wconf 90' lang='lat' dir='ltr'>illius</span> <span class='ocrx_word' id='word_1_178' title='bbox 390 2781 525 2850; x_wconf 90' lang='lat' dir='ltr'>temporis</span> <span class='ocrx_word' id='word_1_179' title='bbox 537 2785 694 2834; x_wconf 88' lang='lat' dir='ltr'>correctore</span> <span class='ocrx_word' id='word_1_180' title='bbox 710 2785 750 2846; x_wconf 81' lang='lat' dir='ltr'>lut</span> <span class='ocrx_word' id='word_1_181' title='bbox 763 2779 795 2835; x_wconf 94' lang='lat' dir='ltr'>fit</span> <span class='ocrx_word' id='word_1_182' title='bbox 811 2781 839 2833; x_wconf 93' lang='lat' dir='ltr'>in</span> <span class='ocrx_word' id='word_1_183' title='bbox 854 2781 889 2845; x_wconf 76' lang='lat' dir='ltr'>R)</span> <span class='ocrx_word' id='word_1_184' title='bbox 908 2795 1003 2834; x_wconf 91' lang='lat' dir='ltr'>omnes</span> <span class='ocrx_word' id='word_1_185' title='bbox 1016 2781 1081 2834; x_wconf 90' lang='lat' dir='ltr'>dedi</span> <span class='ocrx_word' id='word_1_186' title='bbox 1095 2779 1309 2848; x_wconf 88' lang='lat' dir='ltr'>discrepantias.</span> 
     </span>
    </p>
   </div>
   <div class='ocr_carea' id='block_1_5' title="bbox 200 2873 1337 3634">
    <p class='ocr_par' dir='ltr' id='par_1_8' title="bbox 200 2873 1337 3204">
     <span class='ocr_line' id='line_1_23' title="bbox 200 2873 1337 2944; baseline 0 -18"><span class='ocrx_word' id='word_1_187' title='bbox 200 2873 225 2926; x_wconf 89' lang='lat' dir='ltr'><em>B</em></span> <span class='ocrx_word' id='word_1_188' title='bbox 266 2874 389 2930; x_wconf 87' lang='lat' dir='ltr'>codicem</span> <span class='ocrx_word' id='word_1_189' title='bbox 402 2875 573 2940; x_wconf 90' lang='lat' dir='ltr'>Bndensem‚</span> <span class='ocrx_word' id='word_1_190' title='bbox 588 2891 661 2930; x_wconf 91' lang='lat' dir='ltr'>nunc</span> <span class='ocrx_word' id='word_1_191' title='bbox 670 2875 915 2930; x_wconf 87' lang='lat' dir='ltr'>Vindobonensem</span> <span class='ocrx_word' id='word_1_192' title='bbox 928 2875 980 2929; x_wconf 89' lang='lat' dir='ltr'>No.</span> <span class='ocrx_word' id='word_1_193' title='bbox 992 2877 1040 2925; x_wconf 77' lang='lat'>140</span> <span class='ocrx_word' id='word_1_194' title='bbox 1059 2876 1118 2944; x_wconf 91' lang='lat' dir='ltr'>ipse</span> <span class='ocrx_word' id='word_1_195' title='bbox 1132 2873 1337 2942; x_wconf 88' lang='lat' dir='ltr'>Heidelbergae</span> 
     </span>
     <span class='ocr_line' id='line_1_24' title="bbox 300 2960 1334 3031; baseline -0.002 -17"><span class='ocrx_word' id='word_1_196' title='bbox 300 2961 405 3015; x_wconf 88' lang='lat' dir='ltr'>contuli</span> <span class='ocrx_word' id='word_1_197' title='bbox 435 2976 586 3031; x_wconf 90' lang='lat' dir='ltr'>omnesque</span> <span class='ocrx_word' id='word_1_198' title='bbox 616 2962 700 3015; x_wconf 91' lang='lat' dir='ltr'>etiam</span> <span class='ocrx_word' id='word_1_199' title='bbox 730 2977 827 3015; x_wconf 92' lang='lat' dir='ltr'>manus</span> <span class='ocrx_word' id='word_1_200' title='bbox 858 2962 996 3014; x_wconf 87' lang='lat' dir='ltr'>secundae</span> <span class='ocrx_word' id='word_1_201' title='bbox 1021 2960 1156 3030; x_wconf 84' lang='lat' dir='ltr'>adscripsi</span> <span class='ocrx_word' id='word_1_202' title='bbox 1188 2961 1334 3023; x_wconf 89' lang='lat' dir='ltr'>lectiones,</span> 
     </span>
     <span class='ocr_line' id='line_1_25' title="bbox 300 3045 1334 3118; baseline 0 -18"><span class='ocrx_word' id='word_1_203' title='bbox 300 3063 355 3116; x_wconf 88' lang='lat' dir='ltr'>quo</span> <span class='ocrx_word' id='word_1_204' title='bbox 385 3049 571 3114; x_wconf 90' lang='lat' dir='ltr'>elucesceret,</span> <span class='ocrx_word' id='word_1_205' title='bbox 604 3062 686 3118; x_wconf 88' lang='lat' dir='ltr'>qnam</span> <span class='ocrx_word' id='word_1_206' title='bbox 715 3063 801 3116; x_wconf 89' lang='lat' dir='ltr'>prope</span> <span class='ocrx_word' id='word_1_207' title='bbox 832 3049 999 3102; x_wconf 85' lang='lat' dir='ltr'>accederent</span> <span class='ocrx_word' id='word_1_208' title='bbox 1023 3049 1060 3102; x_wconf 91' lang='lat' dir='ltr'>ad</span> <span class='ocrx_word' id='word_1_209' title='bbox 1084 3047 1208 3102; x_wconf 87' lang='lat' dir='ltr'>codicem</span> <span class='ocrx_word' id='word_1_210' title='bbox 1231 3049 1259 3100; x_wconf 84' lang='lat' dir='ltr'><em>R</em></span> <span class='ocrx_word' id='word_1_211' title='bbox 1286 3045 1334 3112; x_wconf 80' lang='lat' dir='ltr'>los.</span> 
     </span>
     <span class='ocr_line' id='line_1_26' title="bbox 301 3133 610 3204; baseline 0.01 -19"><span class='ocrx_word' id='word_1_212' title='bbox 301 3133 500 3188; x_wconf 89' lang='lat' dir='ltr'>Baehrensinm</span> <span class='ocrx_word' id='word_1_213' title='bbox 518 3152 546 3204; x_wconf 84' lang='lat' dir='ltr'>p.</span> <span class='ocrx_word' id='word_1_214' title='bbox 558 3139 610 3200; x_wconf 72' lang='lat' dir='ltr'>rx).</span> 
     </span>
    </p>

    <p class='ocr_par' dir='ltr' id='par_1_9' title="bbox 300 3219 1336 3634">
     <span class='ocr_line' id='line_1_27' title="bbox 345 3219 1336 3289; baseline 0.002 -15"><span class='ocrx_word' id='word_1_215' title='bbox 345 3219 527 3277; x_wconf 83' lang='lat' dir='ltr'>Coniecturas</span> <span class='ocrx_word' id='word_1_216' title='bbox 540 3221 680 3275; x_wconf 88' lang='lat' dir='ltr'>hominum</span> <span class='ocrx_word' id='word_1_217' title='bbox 693 3221 838 3276; x_wconf 89' lang='lat' dir='ltr'>doctorum</span> <span class='ocrx_word' id='word_1_218' title='bbox 852 3221 984 3288; x_wconf 91' lang='lat' dir='ltr'>temporis</span> <span class='ocrx_word' id='word_1_219' title='bbox 996 3222 1090 3289; x_wconf 90' lang='lat' dir='ltr'>paullo</span> <span class='ocrx_word' id='word_1_220' title='bbox 1104 3221 1261 3276; x_wconf 87' lang='lat' dir='ltr'>remotioris</span> <span class='ocrx_word' id='word_1_221' title='bbox 1274 3237 1336 3276; x_wconf 91' lang='lat' dir='ltr'>cum</span> 
     </span>
     <span class='ocr_line' id='line_1_28' title="bbox 301 3305 1336 3377; baseline 0.003 -18"><span class='ocrx_word' id='word_1_222' title='bbox 301 3305 425 3368; x_wconf 89' lang='lat' dir='ltr'>delectu,</span> <span class='ocrx_word' id='word_1_223' title='bbox 447 3307 512 3376; x_wconf 90' lang='lat' dir='ltr'>quia</span> <span class='ocrx_word' id='word_1_224' title='bbox 530 3309 606 3377; x_wconf 91' lang='lat' dir='ltr'>apud</span> <span class='ocrx_word' id='word_1_225' title='bbox 618 3307 757 3361; x_wconf 89' lang='lat' dir='ltr'>Handium</span> <span class='ocrx_word' id='word_1_226' title='bbox 776 3306 859 3362; x_wconf 88' lang='lat' dir='ltr'>facile</span> <span class='ocrx_word' id='word_1_227' title='bbox 877 3314 996 3374; x_wconf 89' lang='lat' dir='ltr'>possunt</span> <span class='ocrx_word' id='word_1_228' title='bbox 1013 3306 1147 3373; x_wconf 87' lang='lat' dir='ltr'>inveniri,</span> <span class='ocrx_word' id='word_1_229' title='bbox 1169 3308 1336 3362; x_wconf 87' lang='lat' dir='ltr'>recentiores</span> 
     </span>
     <span class='ocr_line' id='line_1_29' title="bbox 301 3391 1333 3461; baseline 0 -15"><span class='ocrx_word' id='word_1_230' title='bbox 301 3406 492 3461; x_wconf 88' lang='lat' dir='ltr'>quaecumque</span> <span class='ocrx_word' id='word_1_231' title='bbox 510 3392 576 3446; x_wconf 89' lang='lat' dir='ltr'>mihi</span> <span class='ocrx_word' id='word_1_232' title='bbox 594 3395 740 3448; x_wconf 90' lang='lat' dir='ltr'>innotuere</span> <span class='ocrx_word' id='word_1_233' title='bbox 759 3394 841 3448; x_wconf 90' lang='lat' dir='ltr'>attuli</span> <span class='ocrx_word' id='word_1_234' title='bbox 860 3408 957 3447; x_wconf 89' lang='lat' dir='ltr'>omnes</span> <span class='ocrx_word' id='word_1_235' title='bbox 975 3398 1084 3460; x_wconf 90' lang='lat' dir='ltr'>praeter</span> <span class='ocrx_word' id='word_1_236' title='bbox 1102 3391 1333 3458; x_wconf 85' lang='lat' dir='ltr'>Baehrensianas,</span> 
     </span>
     <span class='ocr_line' id='line_1_30' title="bbox 301 3478 1336 3548; baseline 0.003 -17"><span class='ocrx_word' id='word_1_237' title='bbox 301 3478 367 3546; x_wconf 87' lang='lat' dir='ltr'>quia</span> <span class='ocrx_word' id='word_1_238' title='bbox 390 3483 419 3531; x_wconf 91' lang='lat' dir='ltr'>et</span> <span class='ocrx_word' id='word_1_239' title='bbox 442 3479 471 3531; x_wconf 94' lang='lat' dir='ltr'>in</span> <span class='ocrx_word' id='word_1_240' title='bbox 490 3481 637 3548; x_wconf 90' lang='lat' dir='ltr'>propatulo</span> <span class='ocrx_word' id='word_1_241' title='bbox 660 3485 726 3539; x_wconf 87' lang='lat' dir='ltr'>sunt</span> <span class='ocrx_word' id='word_1_242' title='bbox 743 3479 769 3533; x_wconf 92' lang='lat' dir='ltr'>ci</span> <span class='ocrx_word' id='word_1_243' title='bbox 789 3479 836 3548; x_wconf 88' lang='lat' dir='ltr'>qui</span> <span class='ocrx_word' id='word_1_244' title='bbox 855 3479 947 3535; x_wconf 85' lang='lat' dir='ltr'>Statio</span> <span class='ocrx_word' id='word_1_245' title='bbox 965 3480 1002 3534; x_wconf 93' lang='lat' dir='ltr'>ab</span> <span class='ocrx_word' id='word_1_246' title='bbox 1021 3479 1069 3533; x_wconf 94' lang='lat' dir='ltr'>illo</span> <span class='ocrx_word' id='word_1_247' title='bbox 1088 3479 1164 3534; x_wconf 91' lang='lat' dir='ltr'>edito</span> <span class='ocrx_word' id='word_1_248' title='bbox 1189 3480 1286 3542; x_wconf 89' lang='lat' dir='ltr'>utitur,</span> <span class='ocrx_word' id='word_1_249' title='bbox 1307 3486 1336 3534; x_wconf 90' lang='lat' dir='ltr'>et</span> 
     </span>
     <span class='ocr_line' id='line_1_31' title="bbox 300 3566 1312 3634; baseline 0 -16"><span class='ocrx_word' id='word_1_250' title='bbox 300 3581 396 3618; x_wconf 91' lang='lat' dir='ltr'>omnes</span> <span class='ocrx_word' id='word_1_251' title='bbox 415 3580 458 3618; x_wconf 88' lang='lat' dir='ltr'>me</span> <span class='ocrx_word' id='word_1_252' title='bbox 478 3566 587 3634; x_wconf 88' lang='lat' dir='ltr'>quidem</span> <span class='ocrx_word' id='word_1_253' title='bbox 607 3566 697 3620; x_wconf 92' lang='lat' dir='ltr'>iudice</span> <span class='ocrx_word' id='word_1_254' title='bbox 716 3566 776 3619; x_wconf 88' lang='lat' dir='ltr'>sine</span> <span class='ocrx_word' id='word_1_255' title='bbox 795 3567 964 3621; x_wconf 89' lang='lat' dir='ltr'>detrimento</span> <span class='ocrx_word' id='word_1_256' title='bbox 983 3567 1144 3620; x_wconf 90' lang='lat' dir='ltr'>reticentur.</span> <span class='ocrx_word' id='word_1_257' title='bbox 1311 3569 1312 3572; x_wconf 75' lang='grc'>’</span> 
     </span>
    </p>
   </div>
   <div class='ocr_carea' id='block_1_6' title="bbox 0 0 1630 5130">
    <p class='ocr_par' dir='ltr' id='par_1_10' title="bbox 0 0 1630 5130">
     <span class='ocr_line' id='line_1_32' title="bbox 0 0 1630 5130; baseline 0 0"><span class='ocrx_word' id='word_1_258' title='bbox 0 0 1630 5130; x_wconf 95' lang='lat' dir='ltr'> </span> 
     </span>
    </p>
   </div>
  </div>
 </body>
</html>
